
@article{ ISI:000511169500003,
Author = {Bailey-Ross, Claire and Beresford, Andrew M. and Smith, Daniel T. and
   Warwick, Claire},
Title = {{Aesthetic appreciation and Spanish art: insights from eye-tracking}},
Journal = {{DIGITAL SCHOLARSHIP IN THE HUMANITIES}},
Year = {{2019}},
Volume = {{34}},
Number = {{1, SI}},
Pages = {{17-35}},
Month = {{DEC}},
Abstract = {{Eye-tracking-the process of capturing and measuring human eye
   movement-is becoming an increasingly prevalent tool in the cultural
   heritage sector to understand visual processing and audience behaviours.
   Yet, most applications to date have focused on individual artworks and
   distinctions between representative/non-representative topics, with
   little prior work on the effects of differing written interpretations on
   the visual exploration of collections of artworks, particularly with
   devotional themes. This article reports on an eye-tracking study that
   explored responses to the unique collection of Francisco de Zurbaran
   paintings in County Durham. Using eye-tracking technology in a
   laboratory setting, we evaluated the viewing behaviour of three
   participant groups to determine whether the accompanying written context
   influences how digital reproductions are experienced. In addition to
   demonstrating statistically significant variations in aesthetic
   appreciation, the experiments showed that the gaze can be redirected
   towards areas of conceptual significance. Most importantly, we were able
   to challenge the assumption that viewers always look at faces (Bindemann
   et al., 2005). Our findings make an important new contribution to the
   scholarly understanding of how audiences view, appreciate, and
   understand artworks and to museum and heritage practices relevant to the
   display of art.}},
Publisher = {{OXFORD UNIV PRESS}},
Address = {{GREAT CLARENDON ST, OXFORD OX2 6DP, ENGLAND}},
Type = {{Article}},
Language = {{English}},
Affiliation = {{Bailey-Ross, C (Corresponding Author), Univ Portsmouth, Sch Creat Technol, Winston Churchill Ave, Portsmouth PO1 2DJ, Hants, England.
   Bailey-Ross, Claire, Univ Portsmouth, Sch Creat Technol, Winston Churchill Ave, Portsmouth PO1 2DJ, Hants, England.
   Beresford, Andrew M., Univ Durham, Sch Modern Languages \& Cultures, Durham, England.
   Smith, Daniel T., Univ Durham, Dept Psychol, Durham, England.
   Warwick, Claire, Univ Durham, Dept English Studies, Durham, England.}},
DOI = {{10.1093/llc/fqz027}},
ISSN = {{2055-7671}},
EISSN = {{2055-768X}},
Keywords-Plus = {{PERCEPTION; FACES; GAZE}},
Research-Areas = {{Arts \& Humanities - Other Topics; Linguistics}},
Web-of-Science-Categories  = {{Humanities, Multidisciplinary; Linguistics}},
Author-Email = {{claire.bailey-ross@port.ac.uk}},
ResearcherID-Numbers = {{Bailey-Ross, Claire S/N-7970-2017
   }},
ORCID-Numbers = {{Bailey-Ross, Claire S/0000-0001-6952-6308
   Warwick, Claire/0000-0002-3608-8265}},
Cited-References = {{Adams RB, 2005, EMOTION, V5, P3, DOI 10.1037/1528-3542.5.1.3.
   BADDELEY AD, 1975, J VERB LEARN VERB BE, V14, P575, DOI 10.1016/S0022-5371(75)80045-4.
   Baltazar M, 2014, COGNITION, V133, P120, DOI 10.1016/j.cognition.2014.06.009.
   Baron CP, 2014, ANTIOXIDANTS AND FUNCTIONAL COMPONENTS IN AQUATIC FOODS, P23.
   Bergstrom J.R., 2014, EYE TRACKING USER EX.
   Bindemann M, 2005, PSYCHON B REV, V12, P1048, DOI 10.3758/BF03206442.
   Blandford A., 2016, SYNTH LECT HUM CENT, V9, P1, DOI {[}10.2200/S00706ED1V01Y201602HCI034, DOI 10.2200/S00706ED1V01Y201602HCI034].
   Brieber D, 2014, PLOS ONE, V9, DOI 10.1371/journal.pone.0099019.
   Carbon CC, 2017, I-PERCEPTION, V8, DOI 10.1177/2041669517694184.
   Filippini Fantoni S., 2013, MUSEUMS WEB 2013.
   FINALDI G, 1994, APOLLO, V140, P1.
   Garfinkel H., 1967, STUDIES ETHNOMETHODO.
   Heidenreich SM, 2011, EMPIR STUD ARTS, V29, P51, DOI 10.2190/EM.29.1.d.
   Kenderdine, 2007, THEORIZING DIGITAL C, P49, DOI DOI 10.7551/MITPRESS/9780262033534.001.0001.
   Kruger J, 2004, J EXP SOC PSYCHOL, V40, P91, DOI 10.1016/S0022-1031(03)00065-9.
   Leder H, 2006, ACTA PSYCHOL, V121, P176, DOI 10.1016/j.actpsy.2005.08.005.
   Mangen A, 2013, INT J EDUC RES, V58, P61, DOI 10.1016/j.ijer.2012.12.002.
   Mangen A, 2010, ADVANCES IN HAPTICS, P385.
   Mason MF, 2004, MEMORY, V12, P637, DOI 10.1080/09658210344000152.
   Massaro D, 2012, PLOS ONE, V7, DOI 10.1371/journal.pone.0037285.
   McManners R., 2010, ZURBARANS AUCKLAND C.
   Melcher D, 2013, PROG BRAIN RES, V204, P191, DOI 10.1016/B978-0-444-63287-6.00010-5.
   Mileham R, 2006, WISE WORDS MUS J, V106, P18.
   Milekic S., 2010, GAZE TRACKING MUSEUM.
   MILLER GA, 1956, PSYCHOL REV, V63, P81, DOI 10.1037/h0043158.
   Mueller PA, 2014, PSYCHOL SCI, V25, P1159, DOI 10.1177/0956797614524581.
   Pema n C., 1948, ARCH ESPAN ART, V21, P153.
   Ro T, 2007, VIS COGN, V15, P322, DOI 10.1080/13506280600590434.
   Rogers Y., 2012, SYNTHESIS LECT HUMAN, V5, P1, DOI {[}DOI 10.2200/S00418ED1V01Y201205HCI014, 10.2200/S00418ED1V01Y201205HCI014].
   Smith J. K., 2001, EMPIR STUD ARTS, V19, P229, DOI {[}10.2190/5MQM-59JH-X21R-JN5J, DOI 10.2190/5MQM-59JH-X21R-JN5J].
   TVERSKY A, 1974, SCIENCE, V185, P1124, DOI 10.1126/science.185.4157.1124.
   Varnalis-Weigle A. S., 2016, J CONT ARCHIVAL STUD, V3.
   Villani D, 2015, FRONT PSYCHOL, V6, DOI 10.3389/fpsyg.2015.01636.
   vom Lehn D., 2006, DEO ANAL METHODOLOGY.
   Walker F, 2017, PLOS ONE, V12, DOI 10.1371/journal.pone.0178912.}},
Number-of-Cited-References = {{35}},
Times-Cited = {{1}},
Usage-Count-Last-180-days = {{1}},
Usage-Count-Since-2013 = {{5}},
Journal-ISO = {{Digit. Scholarsh. Humanit.}},
Doc-Delivery-Number = {{KI2HV}},
Unique-ID = {{ISI:000511169500003}},
OA = {{Bronze}},
DA = {{2021-06-22}},
}

@article{ ISI:000423783300009,
Author = {Thaisen, Jacob},
Title = {{Secretary letter-shapes in County Durham}},
Journal = {{FOLIA LINGUISTICA}},
Year = {{2017}},
Volume = {{51}},
Number = {{38}},
Pages = {{263-280}},
Month = {{NOV}},
Abstract = {{This paper applies quantitative methods in palaeography. It develops
   tree-structured regression models of the palaeographical variation found
   in a synchronic corpus of texts written in orthographically less
   standardised late Middle English and establishes their accuracy. There
   are sixteen models, each one relating to a letter-shape known to
   distinguish the Gothic cursive scripts Anglicana and Secretary. The
   models predict the presence of the individual letter-shape from one or
   more of the following variables, in no particular order: (1)
   localisation of texts' orthographic variation; (2) text-type; and (3)
   in-word position. The discussion asks why several Secretary
   letter-shapes cluster in documents localisable to County Durham and the
   area further north, given the script's association with (a) institutions
   of national administration in the London-Westminster area and (b)
   orthographic standardisation. It concludes that the linguistics and the
   palaeography do not co-vary during this period in the history of the
   English language and suggests that it may illuminate studies of the
   gradient between Anglicana and Secretary to pay attention to provincial
   centres, not least Durham.}},
Publisher = {{WALTER DE GRUYTER GMBH}},
Address = {{GENTHINER STRASSE 13, D-10785 BERLIN, GERMANY}},
Type = {{Article}},
Language = {{English}},
Affiliation = {{Thaisen, J (Corresponding Author), Univ Oslo, Dept Literature Area Studies \& European Languages, POB 1003 Blindern, N-0315 Oslo, Norway.
   Thaisen, Jacob, Univ Oslo, Dept Literature Area Studies \& European Languages, POB 1003 Blindern, N-0315 Oslo, Norway.}},
DOI = {{10.1515/flih-2017-0009}},
ISSN = {{0165-4004}},
EISSN = {{1614-7308}},
Keywords = {{regression modelling; Middle English; Gothic cursive script;
   orthographic standardisation}},
Research-Areas = {{Linguistics}},
Web-of-Science-Categories  = {{Linguistics; Language \& Linguistics}},
Author-Email = {{jacob.thaisen@ilos.uio.no}},
Funding-Acknowledgement = {{Netherlands Institute for Advanced Study in the Humanities and Social
   Sciences}},
Funding-Text = {{The author acknowledges a residential fellowship at the Netherlands
   Institute for Advanced Study in the Humanities and Social Sciences. He
   thanks Laura Wright, Kari Anne Rand, Muriel Norde, and the anonymous
   reviewers for this journal for their helpful comments, and also Merja
   Stenroos for access to photographic reproductions of the texts examined.
   He read the paper at the workshop devoted to ``The Emergence of Standard
   English in Multilingual Britain{''}, University of Cambridge, 20-21
   April 2017.}},
Cited-References = {{Benskin Michael., 2004, NEW PERSPECTIVES ENG, VII, P1.
   Benskin Michael, 1992, DIALECT STANDARD LAN, P71.
   Bischoff B., 1979, PALAOGRAPHIE ROMISCH.
   BURGERS J., 2007, QUAERENDO, V37, P1.
   Chaplais Pierre, 1971, ENGLISH ROYAL DOCUME.
   Clanchy Michael, 2013, MEMORY WRITTEN RECOR.
   Derolez A., 2003, PALAEOGRAPHY GOTHIC, Vvol. 9.
   Dodd G, 2011, SPECULUM, V86, P117, DOI 10.1017/S0038713410003507.
   Doyle Anthony Ian, 1994, SPEAKING OUR TONGUES, P93.
   Ekwall E., 1956, STUDIES POPULATION M.
   Fisher J. H., 1984, ANTHOLOGY CHANCERY E.
   Fisher John H., 1979, J SOC ARCHIVISTS, V6, P136.
   Friedman John B, 1995, NO ENGLISH BOOKS OWN.
   Hanna Ralph, 2005, LONDON LIT 1300 1380.
   He S, 2014, INT CONF FRONT HAND, P265, DOI 10.1109/ICFHR.2014.52.
   Hothorn T, 2006, J COMPUT GRAPH STAT, V15, P651, DOI 10.1198/106186006X133933.
   Hothorn Torsten, 2015, TOOLKIT RECURSIVE PA.
   Kristensson Gillis, 2001, E ANGLIAN ENGLISH, P71.
   Kwakkel Erik, 2012, TURNING NEW LEAF CHA, p{[}76, 206].
   MATHESON LM, 1986, SPECULUM, V61, P646, DOI 10.2307/2851614.
   McDermid Richard T. W., 1980, THESIS DURHAM U DURH.
   McIntosh Angus, 1986, LINGUISTIC ATLAS LAT.
   Merja Stenroos, 2011, MIDDLE ENGLISH GRAMM.
   Mooney, 2008, DESIGN DISTRIBUTION, P183.
   Parkes M. B., 2008, THEIR HANDS OUR EYES.
   Parkes Malcolm, 1973, LIT W CIVILIZATION M, p{[}555, 555].
   Parkes Malcolm.B., 1969, ENGLISH CURSIVE BOOK.
   Petti Anthony G., 1977, ENGLISH LIT HANDS CH.
   Richardson M, 2011, HIST BOOK, P1.
   Roberts Jane, 2005, GUIDE SCRIPTS USED E.
   Samara Petros, 2015, PAPSTURKUNDENFORSCHU.
   Samuels MichaelL., 1963, ENGL STUD, V44, P81.
   Takeda Reiko, 2001, THESIS.
   Thompson John J., 2000, PRESTIGE AUTHORITY P, P77.
   Wicker Helen, 2011, VERNACULARITY ENGLAN, P225.
   WRIGHT L, 1996, SOURCES LONDON ENGLI.}},
Number-of-Cited-References = {{36}},
Times-Cited = {{1}},
Usage-Count-Last-180-days = {{0}},
Usage-Count-Since-2013 = {{5}},
Journal-ISO = {{Folia Linguist.}},
Doc-Delivery-Number = {{FU3WQ}},
Unique-ID = {{ISI:000423783300009}},
DA = {{2021-06-22}},
}
