@article{radev2016bibliometric,
  title={A bibliometric and network analysis of the field of computational linguistics},
  author={Radev, Dragomir R and Joseph, Mark Thomas and Gibson, Bryan and Muthukrishnan, Pradeep},
  journal={Journal of the Association for Information Science and Technology},
  volume={67},
  number={3},
  pages={683--706},
  year={2016},
  publisher={Wiley Online Library}
}


@article{wickham2019welcome,
  title={Welcome to the Tidyverse},
  author={Wickham, Hadley and Averick, Mara and Bryan, Jennifer and Chang, Winston and McGowan, Lucy D'Agostino and Fran{\c{c}}ois, Romain and Grolemund, Garrett and Hayes, Alex and Henry, Lionel and Hester, Jim and others},
  journal={Journal of Open Source Software},
  volume={4},
  number={43},
  pages={1686},
  year={2019}
}

@article{lefebvre2019searching,
  title={Searching for and selecting studies},
  author={Lefebvre, Carol and Glanville, Julie and Briscoe, Simon and Littlewood, Anne and Marshall, Chris and Metzendorf, Maria-Inti and Noel-Storr, Anna and Rader, Tamara and Shokraneh, Farhad and Thomas, James and others},
  journal={Cochrane handbook for systematic reviews of interventions},
  pages={67--107},
  year={2019},
  publisher={Wiley Online Library}
}


@article{kahle2013ggmap,
  title={ggmap: Spatial Visualization with ggplot2},
  author={Kahle, David and Wickham, Hadley},
  journal={The R journal},
  volume={5},
  number={1},
  pages={144--161},
  year={2013}
}


@article{moher2009preferred,
  title={Preferred reporting items for systematic reviews and meta-analyses: the PRISMA statement},
  author={Moher, David and Liberati, Alessandro and Tetzlaff, Jennifer and Altman, Douglas G and Prisma Group and others},
  journal={PLoS med},
  volume={6},
  number={7},
  pages={e1000097},
  year={2009},
  publisher={Public Library of Science}
}


@Article{Aria2017,
  author    = {Massimo Aria and Corrado Cuccurullo},
  title     = {bibliometrix : An R-tool for comprehensive science mapping analysis},
  journal   = {Journal of Informetrics},
  year      = {2017},
  volume    = {11},
  number    = {4},
  pages     = {959--975},
  month     = {nov},
  doi       = {10.1016/j.joi.2017.08.007},
  publisher = {Elsevier {BV}},
}

@Manual{R2018,
  title = {R: A Language and Environment for Statistical Computing},
  author = {{R Core Team}},
  organization = {R Foundation for Statistical Computing},
  address = {Vienna, Austria},
  year = {2018},
  url = {https://www.R-project.org/},
}





@book{Wells1982b,
  title={Accents of english},
  author={Wells, John Christopher},
  volume={2},
  year={1982},
  publisher={Cambridge University Press Cambridge}
}

@book{Trudgill2002,
  title={Alternative histories of English},
  author={Trudgill, Peter and Watts, Richard J},
  year={2002},
  publisher={Routledge}
}

@inbook{Schreieretal2010,
    place={Cambridge},
    series={Studies in English Language}, title={Introduction}, DOI={10.1017/CBO9780511676529.002},
    booktitle={The Lesser-Known Varieties of English: An Introduction},
    publisher={Cambridge University Press},
    author={Schreier, Daniel and Trudgill, Peter and Schneider, Edgar W. and Williams, Jeffrey P.},
    editor={Schreier, Daniel and Trudgill, Peter and Schneider, Edgar W. and Williams, Jeffrey P.Editors},
    year={2010},
    pages={1â€“14},
    collection={Studies in English Language}}










