
@article{ ISI:000517830000007,
Author = {de Cespedes, Begona Rodriguez},
Title = {{Beyond the margins of academic education: identifying translation
   industry training practices through action research}},
Journal = {{TRANSLATION \& INTERPRETING-THE INTERNATIONAL JOURNAL OF TRANSLATION AND
   INTERPRETING}},
Year = {{2020}},
Volume = {{12}},
Number = {{1}},
Pages = {{115-126}},
Abstract = {{Digital technologies in the translation profession have given rise to
   the use of automated Computer Assisted Translation (CAT) tools and
   Machine Translation (MT), and Translation Service Providers are
   embracing these innovations as part of their workflows. Higher Education
   Institutions are also transforming their curricula In adapt to the
   changes brought about by technology (Austermiihl, 2006, 2013; Doherty,
   Kenny, \& Way 2012; Doherty \& Moorkens, 2013; Gaspari, Almaghout, \&
   Doherty, 2015; Mellinger, 2017; Moorkens, 2017; 01 lagan, 2013; Rothwell
   \& Svoboda, 2017). This research takes a phenomenological and
   ethnographical approach using action research as the methodology to see
   how the new digital skillsets are taught and used in the translation
   industry. As a trainer -researcher, I stay at translation companies to
   immerse myself in the training given to new employees. The results of
   this qualitative-type research derive from observations typically
   involving the trainer spending a full working week at the employers'
   premises. The data set is hence collected based on workplace
   observations within the companies and on semistructured interviews with
   translation company managers. This approach permits a very full
   understanding of the skills needed in the translation profession. What
   has been learned in the workplace can be applied at university in the
   training of future translators. Preliminary work suggests that MT and
   Artificial Intelligence (AI), while transforming the profession in many
   ways, are not yet overriding the need of sophisticated linguistic skills
   from trainee translators.}},
Publisher = {{UNIV WESTERN SYDNEY, INTERPRETING \& TRANSLATION RESEARCH GROUP}},
Address = {{LOCKED BAG 1797, PENRITH SOUTH DC, NSW 1797, AUSTRALIA}},
Type = {{Article}},
Language = {{English}},
Affiliation = {{de Cespedes, BR (Corresponding Author), Univ Portsmouth, Portsmouth, Hants, England.
   de Cespedes, Begona Rodriguez, Univ Portsmouth, Portsmouth, Hants, England.}},
DOI = {{10.12807/ti.112201.2020.a07}},
ISSN = {{1836-9324}},
Keywords = {{action research; translator training; automation; future proofing}},
Research-Areas = {{Linguistics}},
Web-of-Science-Categories  = {{Linguistics}},
Author-Email = {{begona.rodriguez@port.ac.uk}},
Cited-References = {{Abdallah Kristiina, 2012, THESIS.
   Alvarez-Alvarez S, 2017, INTERPRET TRANSL TRA, V11, P139, DOI 10.1080/1750399X.2017.1344812.
   Austermuehl F, 2013, TRADUMATICA, P326, DOI 10.5565/rev/tradumatica.46.
   Austermuhl F, 2006, TRANSLATION TECHNOLO, P69.
   Barros EH, 2018, INTERPRET TRANSL TRA, V12, P5, DOI 10.1080/1750399X.2017.1400365.
   Beeby A, 2005, META, V50, P609.
   Carr W, 1986, BECOMING CRITICAL KN.
   Cravo A, 2007, J SPEC TRANSL, P92.
   de Cespedes BR, 2017, INTERPRET TRANSL TRA, V11, P107, DOI 10.1080/1750399X.2017.1344816.
   Doherty S., 2012, P 10 BIENN C ASS MAC.
   Doherty S, 2013, J SPEC TRANSL, P122.
   Doherty S, 2014, INTERPRET TRANSL TRA, V8, P295, DOI 10.1080/1750399X.2014.937571.
   EMT ELIA EUATC FIT GALA \& LIND, 2018, EXP EUR LANG IND 201.
   European Association of Translation Companies (EUATC), 2018, ATC CALLS ACT BOOST.
   Finlay L, 2008, J HUMANIST PSYCHOL, V53, P172.
   Finlay L, 2009, PHENOMENOL PRACT, V3, P6.
   Gaspari F, 2015, PERSPECT STUD TRANSL, V23, P333, DOI 10.1080/0907676X.2014.979842.
   Hagan Minako, 2013, ROUTLEDGE HDB TRANSL, P503.
   Heigham J, 2009, QUALITATIVE RESEARCH IN APPLIED LINGUISTICS: A PRACTICAL INTRODUCTION, P1, DOI 10.1057/9780230239517.
   ISO, 2015, 171002015 ISO.
   Koskinen K., 2008, TRANSLATING I ETHNOG.
   Li XD, 2018, INTERPRET TRANSL TRA, V12, P48, DOI 10.1080/1750399X.2017.1418581.
   Lommel A, 2018, MACH TRANS TECH APPL, V1, P109, DOI 10.1007/978-3-319-91241-7\_6.
   Mellinger CD, 2017, INTERPRET TRANSL TRA, V11, P280, DOI 10.1080/1750399X.2017.1359760.
   Moorkens J., 2017, 17 ANN TRANSL C TRAN.
   OPTIMALE, 2012, EMPL SURV.
   Pym A, 2013, META, V58, P487, DOI 10.7202/1025047ar.
   Risku H., 2013, TRACKS TREKS TRANSLA, P29, DOI {[}10.1017/CBO9781107415324.004, DOI 10.1017/CBO9781107415324.004].
   Rodriguez de Cespedes B., 2019, LEBENDE SPRACHEN, V64, P104.
   Rodriguez J, 2018, MOUVEMENT SOC, P143.
   Rothwell A, 2017, EUR MAST TRANSL M.
   Sakamoto A., 2017, TRANSLATION MEETS TE.}},
Number-of-Cited-References = {{32}},
Times-Cited = {{0}},
Usage-Count-Last-180-days = {{0}},
Usage-Count-Since-2013 = {{5}},
Journal-ISO = {{Transl. Interpret.}},
Doc-Delivery-Number = {{KR7XK}},
Unique-ID = {{ISI:000517830000007}},
OA = {{DOAJ Gold}},
DA = {{2021-06-22}},
}

@article{ ISI:000511169500003,
Author = {Bailey-Ross, Claire and Beresford, Andrew M. and Smith, Daniel T. and
   Warwick, Claire},
Title = {{Aesthetic appreciation and Spanish art: insights from eye-tracking}},
Journal = {{DIGITAL SCHOLARSHIP IN THE HUMANITIES}},
Year = {{2019}},
Volume = {{34}},
Number = {{1, SI}},
Pages = {{17-35}},
Month = {{DEC}},
Abstract = {{Eye-tracking-the process of capturing and measuring human eye
   movement-is becoming an increasingly prevalent tool in the cultural
   heritage sector to understand visual processing and audience behaviours.
   Yet, most applications to date have focused on individual artworks and
   distinctions between representative/non-representative topics, with
   little prior work on the effects of differing written interpretations on
   the visual exploration of collections of artworks, particularly with
   devotional themes. This article reports on an eye-tracking study that
   explored responses to the unique collection of Francisco de Zurbaran
   paintings in County Durham. Using eye-tracking technology in a
   laboratory setting, we evaluated the viewing behaviour of three
   participant groups to determine whether the accompanying written context
   influences how digital reproductions are experienced. In addition to
   demonstrating statistically significant variations in aesthetic
   appreciation, the experiments showed that the gaze can be redirected
   towards areas of conceptual significance. Most importantly, we were able
   to challenge the assumption that viewers always look at faces (Bindemann
   et al., 2005). Our findings make an important new contribution to the
   scholarly understanding of how audiences view, appreciate, and
   understand artworks and to museum and heritage practices relevant to the
   display of art.}},
Publisher = {{OXFORD UNIV PRESS}},
Address = {{GREAT CLARENDON ST, OXFORD OX2 6DP, ENGLAND}},
Type = {{Article}},
Language = {{English}},
Affiliation = {{Bailey-Ross, C (Corresponding Author), Univ Portsmouth, Sch Creat Technol, Winston Churchill Ave, Portsmouth PO1 2DJ, Hants, England.
   Bailey-Ross, Claire, Univ Portsmouth, Sch Creat Technol, Winston Churchill Ave, Portsmouth PO1 2DJ, Hants, England.
   Beresford, Andrew M., Univ Durham, Sch Modern Languages \& Cultures, Durham, England.
   Smith, Daniel T., Univ Durham, Dept Psychol, Durham, England.
   Warwick, Claire, Univ Durham, Dept English Studies, Durham, England.}},
DOI = {{10.1093/llc/fqz027}},
ISSN = {{2055-7671}},
EISSN = {{2055-768X}},
Keywords-Plus = {{PERCEPTION; FACES; GAZE}},
Research-Areas = {{Arts \& Humanities - Other Topics; Linguistics}},
Web-of-Science-Categories  = {{Humanities, Multidisciplinary; Linguistics}},
Author-Email = {{claire.bailey-ross@port.ac.uk}},
ResearcherID-Numbers = {{Bailey-Ross, Claire S/N-7970-2017
   }},
ORCID-Numbers = {{Bailey-Ross, Claire S/0000-0001-6952-6308
   Warwick, Claire/0000-0002-3608-8265}},
Cited-References = {{Adams RB, 2005, EMOTION, V5, P3, DOI 10.1037/1528-3542.5.1.3.
   BADDELEY AD, 1975, J VERB LEARN VERB BE, V14, P575, DOI 10.1016/S0022-5371(75)80045-4.
   Baltazar M, 2014, COGNITION, V133, P120, DOI 10.1016/j.cognition.2014.06.009.
   Baron CP, 2014, ANTIOXIDANTS AND FUNCTIONAL COMPONENTS IN AQUATIC FOODS, P23.
   Bergstrom J.R., 2014, EYE TRACKING USER EX.
   Bindemann M, 2005, PSYCHON B REV, V12, P1048, DOI 10.3758/BF03206442.
   Blandford A., 2016, SYNTH LECT HUM CENT, V9, P1, DOI {[}10.2200/S00706ED1V01Y201602HCI034, DOI 10.2200/S00706ED1V01Y201602HCI034].
   Brieber D, 2014, PLOS ONE, V9, DOI 10.1371/journal.pone.0099019.
   Carbon CC, 2017, I-PERCEPTION, V8, DOI 10.1177/2041669517694184.
   Filippini Fantoni S., 2013, MUSEUMS WEB 2013.
   FINALDI G, 1994, APOLLO, V140, P1.
   Garfinkel H., 1967, STUDIES ETHNOMETHODO.
   Heidenreich SM, 2011, EMPIR STUD ARTS, V29, P51, DOI 10.2190/EM.29.1.d.
   Kenderdine, 2007, THEORIZING DIGITAL C, P49, DOI DOI 10.7551/MITPRESS/9780262033534.001.0001.
   Kruger J, 2004, J EXP SOC PSYCHOL, V40, P91, DOI 10.1016/S0022-1031(03)00065-9.
   Leder H, 2006, ACTA PSYCHOL, V121, P176, DOI 10.1016/j.actpsy.2005.08.005.
   Mangen A, 2013, INT J EDUC RES, V58, P61, DOI 10.1016/j.ijer.2012.12.002.
   Mangen A, 2010, ADVANCES IN HAPTICS, P385.
   Mason MF, 2004, MEMORY, V12, P637, DOI 10.1080/09658210344000152.
   Massaro D, 2012, PLOS ONE, V7, DOI 10.1371/journal.pone.0037285.
   McManners R., 2010, ZURBARANS AUCKLAND C.
   Melcher D, 2013, PROG BRAIN RES, V204, P191, DOI 10.1016/B978-0-444-63287-6.00010-5.
   Mileham R, 2006, WISE WORDS MUS J, V106, P18.
   Milekic S., 2010, GAZE TRACKING MUSEUM.
   MILLER GA, 1956, PSYCHOL REV, V63, P81, DOI 10.1037/h0043158.
   Mueller PA, 2014, PSYCHOL SCI, V25, P1159, DOI 10.1177/0956797614524581.
   Pema n C., 1948, ARCH ESPAN ART, V21, P153.
   Ro T, 2007, VIS COGN, V15, P322, DOI 10.1080/13506280600590434.
   Rogers Y., 2012, SYNTHESIS LECT HUMAN, V5, P1, DOI {[}DOI 10.2200/S00418ED1V01Y201205HCI014, 10.2200/S00418ED1V01Y201205HCI014].
   Smith J. K., 2001, EMPIR STUD ARTS, V19, P229, DOI {[}10.2190/5MQM-59JH-X21R-JN5J, DOI 10.2190/5MQM-59JH-X21R-JN5J].
   TVERSKY A, 1974, SCIENCE, V185, P1124, DOI 10.1126/science.185.4157.1124.
   Varnalis-Weigle A. S., 2016, J CONT ARCHIVAL STUD, V3.
   Villani D, 2015, FRONT PSYCHOL, V6, DOI 10.3389/fpsyg.2015.01636.
   vom Lehn D., 2006, DEO ANAL METHODOLOGY.
   Walker F, 2017, PLOS ONE, V12, DOI 10.1371/journal.pone.0178912.}},
Number-of-Cited-References = {{35}},
Times-Cited = {{1}},
Usage-Count-Last-180-days = {{1}},
Usage-Count-Since-2013 = {{5}},
Journal-ISO = {{Digit. Scholarsh. Humanit.}},
Doc-Delivery-Number = {{KI2HV}},
Unique-ID = {{ISI:000511169500003}},
OA = {{Bronze}},
DA = {{2021-06-22}},
}

@article{ ISI:000497274400001,
Author = {Crack, Angela M.},
Title = {{Insights from the archives: British development aid and English language
   teaching}},
Journal = {{JOURNAL OF MULTILINGUAL AND MULTICULTURAL DEVELOPMENT}},
Year = {{2020}},
Volume = {{41}},
Number = {{6}},
Pages = {{503-515}},
Month = {{JUL 2}},
Abstract = {{Britain has funded English language teaching (ELT) initiatives in
   developing countries for decades, despite changes in government and a
   series of substantial overhauls in the administration of development
   aid. This article reveals the relevance of ideational factors in
   explaining how ELT remained a key part of Britain's aid policy during a
   period of significant domestic and international change. It uses
   constructivist institutionalism to interpret an extensive range of
   evidence from government archives spanning a twenty-two year period
   (1964-1986). It sheds light on how and why certain ideas become
   normalised and institutionally embedded over time, and become the
   cognitive template through which key actors form policy preferences.}},
Publisher = {{ROUTLEDGE JOURNALS, TAYLOR \& FRANCIS LTD}},
Address = {{2-4 PARK SQUARE, MILTON PARK, ABINGDON OX14 4RN, OXON, ENGLAND}},
Type = {{Article}},
Language = {{English}},
Affiliation = {{Crack, AM (Corresponding Author), Univ Portsmouth, Sch Area Studies Hist Polit \& Literature, Portsmouth, Hants, England.
   Crack, Angela M., Univ Portsmouth, Sch Area Studies Hist Polit \& Literature, Portsmouth, Hants, England.}},
DOI = {{10.1080/01434632.2019.1693580}},
Early Access Date = {{NOV 2019}},
ISSN = {{0143-4632}},
EISSN = {{1747-7557}},
Keywords = {{Political discourse; language policies; language learning; education}},
Keywords-Plus = {{INSTITUTIONALISM; IDEAS; POWER}},
Research-Areas = {{Linguistics}},
Web-of-Science-Categories  = {{Linguistics; Language \& Linguistics}},
Author-Email = {{angela.crack@port.ac.uk}},
ORCID-Numbers = {{Crack, Angela/0000-0003-3411-5108}},
Funding-Acknowledgement = {{Arts and Humanities Research CouncilUK Research \& Innovation (UKRI)Arts
   \& Humanities Research Council (AHRC)}},
Funding-Text = {{This work was supported by Arts and Humanities Research Council.}},
Cited-References = {{Appleby R, 2010, CRIT LANG LIT STUD, P1.
   Barder O., 2005, REFORMING DEV ASSIST.
   Bell S, 2011, BRIT J POLIT SCI, V41, P883, DOI 10.1017/S0007123411000147.
   Blyth M., 2002, GREAT TRANSFORMATION.
   Boyle S., 1997, J MULTILING MULTICUL, V18, P169, DOI {[}10.1080/01434639708666312, DOI 10.1080/01434639708666312].
   Brumfit C., 1997, FEMINISM ART THERAPY, pxii, DOI DOI 10.5749/J.CTTTV3FR.
   Burnell P. J., 1991, BRITAINS OVERSEAS AI, P1.
   Coleman H., 2010, ENGLISH LANGUAGE DEV.
   Coleman PG, 2011, AGEING LIFECOURSE, P11.
   Cox R, 2004, SOC POLICY ADMIN, V38, P204, DOI 10.1111/j.1467-9515.2004.00386.x.
   Douglas A. J. A., 1975, COMMUNICATION.
   Dua H. R., 1996, POSTIMPERIAL ENGLISH, P557.
   Erling E.J., 2013, ENGLISH DEV POLICY P.
   Evans Stephen., 2002, J MULTILING MULTICUL, V23, P260, DOI {[}10.1080/01434630208666469, DOI 10.1080/01434630208666469].
   Hall PA, 1996, POLIT STUD-LONDON, V44, P936, DOI 10.1111/j.1467-9248.1996.tb00343.x.
   Hay C., 2010, IDEAS POLITICS SOCIA, P65.
   Hay C, 2016, NEW POLIT ECON, V21, P520, DOI 10.1080/13563467.2016.1158800.
   Hay Colin, 2006, OXFORD HDB POLITICAL, P56.
   Hewitt A., 1978, ODI REV, V2, P55.
   Hurd D., 1982, COMMUNICATION.
   Iredale R., 1997, DEV ELT DUNFORD SEMI, P101.
   Iredale R., 1986, REPORT BRITAINS SUPP.
   Ireton Barrie, 2013, BRITAINS INT DEV POL.
   Johnson D. C., 2013, LANGUAGE POLICY.
   Killick T, 2005, DEV POLICY REV, V23, P665, DOI DOI 10.1111/J.1467-7679.2005.00307.X.
   Louw P. Eric, 2004, J MULTILING MULTICUL, V25, P318, DOI DOI 10.1080/01434630408666535.
   MacFarquhar R., 1977, DEBATE ENGLISH LANGU.
   Macmillan M., 1982, ODA EVALUATION KEY E.
   Macrae J. E. C., 1982, COMMUNICATION.
   Millard G. E., 1964, COMMUNICATION.
   Ministry of Overseas Development, 1975, CHANG EMPH BRIT AID.
   Ministry of Overseas Development, 1965, OV DEV WORK NEW MIN.
   Moisley H. A., 1969, COMMUNICATION.
   Parsons C, 2016, J EUR PUBLIC POLICY, V23, P446, DOI 10.1080/13501763.2015.1115538.
   Pennycook A., 2014, CULTURAL POLITICS EN.
   Phillipson R., 1992, ELT J, V46, P12, DOI DOI 10.1093/ELT/46.1.12.
   Phillipson R., 2006, INTRO LANGUAGE POLIC, P346.
   Rae C. R. A., 1968, COMMUNICATION.
   Ricento T., 2000, IDEOLOGY POLITICS LA.
   Robson J. A., 1981, COMMUNICATION.
   Ross F, 2013, BRIT POLIT, V8, P51, DOI 10.1057/bp.2012.14.
   Schmidt VA, 2008, ANNU REV POLIT SCI, V11, P303, DOI 10.1146/annurev.polisci.11.060606.135342.
   Sharland E. J., 1981, COMMUNICATION.
   Sharp D. J., 1981, COMMUNICATION.
   Silverstein M., 1976, ELEMENTS PARASESSION, P193.
   Smith D. M., 1968, ENGLISH LANGUAGE TEA.
   Smith R. C., 2016, ELT BRIT COUNCIL 193.
   Taylor, 1965, COMMUNICATION.
   Tollefson J. W., 2015, RES METHODS LANGUAGE, P140.
   Tomlinson J. E., 1977, COMMUNICATION.
   Tupas R, 2015, J MULTILING MULTICUL, V36, P587, DOI 10.1080/01434632.2014.979831.
   Turner A. M., 1971, ENGLISH FOREIGN LANG.
   Wendt A., 1999, SOCIAL THEORY INT PO, VVolume 67.
   Wiley T. G., 2006, INTRO LANGUAGE POLIC, P135.
   Winpenny J. T., 1991, BRITAINS OVERSEAS AI, P32.
   Wright S., 2016, LANGUAGE POLICY LANG.}},
Number-of-Cited-References = {{56}},
Times-Cited = {{1}},
Usage-Count-Last-180-days = {{0}},
Usage-Count-Since-2013 = {{3}},
Journal-ISO = {{J. Multiling. Multicult. Develop.}},
Doc-Delivery-Number = {{MI1DW}},
Unique-ID = {{ISI:000497274400001}},
DA = {{2021-06-22}},
}

@article{ ISI:000492412800010,
Author = {Wright, Sue},
Title = {{An Introduction to Multilingualism: Language in a Changing World}},
Journal = {{LANGUAGE POLICY}},
Year = {{2019}},
Volume = {{18}},
Number = {{4, SI}},
Pages = {{613-615}},
Month = {{NOV}},
Publisher = {{SPRINGER}},
Address = {{VAN GODEWIJCKSTRAAT 30, 3311 GZ DORDRECHT, NETHERLANDS}},
Type = {{Book Review}},
Language = {{English}},
Affiliation = {{Wright, S (Corresponding Author), Univ Portsmouth, Portsmouth, Hants, England.
   Wright, Sue, Univ Portsmouth, Portsmouth, Hants, England.}},
DOI = {{10.1007/s10993-019-09514-3}},
ISSN = {{1568-4555}},
EISSN = {{1573-1863}},
Research-Areas = {{Education \& Educational Research; Linguistics}},
Web-of-Science-Categories  = {{Education \& Educational Research; Linguistics; Language \& Linguistics}},
Author-Email = {{sue.wright@port.ac.uk}},
Cited-References = {{Coulmas F., 2017, INTRO MULTILINGUALIS.}},
Number-of-Cited-References = {{1}},
Times-Cited = {{0}},
Usage-Count-Last-180-days = {{0}},
Usage-Count-Since-2013 = {{5}},
Journal-ISO = {{Lang. Policy}},
Doc-Delivery-Number = {{JG9RD}},
Unique-ID = {{ISI:000492412800010}},
DA = {{2021-06-22}},
}

@article{ ISI:000491628400006,
Author = {Saraceni, Mario and Jacob, Camille},
Title = {{Revisiting borders: Named languages and de-colonization}},
Journal = {{LANGUAGE SCIENCES}},
Year = {{2019}},
Volume = {{76}},
Number = {{SI}},
Month = {{NOV}},
Abstract = {{Recent developments in sociolinguistics have been characterized by a
   move away from the notion of languages as discrete and separate
   entities. This has come within a frame of general criticism of
   structuralism as a theory of language fundamentally emanating from, or
   at least being tied to, monolingual ideologies of 19th-century European
   nationalism. Based on the recognition that linguistic borders are little
   more than political constructs, many sociolinguists prefer to describe
   language behavior as social practice where speakers make use of shared
   linguistic repertories in fluid and dynamic ways rather than adhering to
   the static rules of pre-packaged and labelled languages. Revealing the
   ideologically-driven monolingual bias in applied and sociolinguistics,
   this work focusses instead on translanguaging and/or translingual
   practices, and has been immensely important in putting forward a more
   adequate understanding of language.
   However, this intellectual impetus should not lead us to lose sight of
   the fact that, invented and artificial as they may have been, named
   languages and their borders do exist and play very important roles not
   only as layman's concepts but also as part of the long process of
   political and cultural de-colonization in many parts of the world. The
   celebration of translanguaging as a better and more sophisticated
   analytical lens need not come with the denigration of other
   understandings. The argument against one bias must not simultaneously
   develop its own biases. While the notion of translanguaging helps us
   describe language behaviors in more adequate ways and can also usefully
   inform pedagogical practices, the political as well as practical
   consequences and potential benefits of nationally-defined languages must
   also be seriously considered within a sociolinguistics of globalization.
   This paper examines this point by considering the cases of the
   sociolinguistic situations in Malaysia and Algeria. (C) 2018 Elsevier
   Ltd. All rights reserved.}},
Publisher = {{ELSEVIER SCI LTD}},
Address = {{THE BOULEVARD, LANGFORD LANE, KIDLINGTON, OXFORD OX5 1GB, OXON, ENGLAND}},
Type = {{Article}},
Language = {{English}},
Affiliation = {{Saraceni, M (Corresponding Author), Univ Portsmouth, Portsmouth, Hants, England.
   Saraceni, Mario; Jacob, Camille, Univ Portsmouth, Portsmouth, Hants, England.}},
DOI = {{10.1016/j.langsci.2018.05.007}},
Article-Number = {{101170}},
ISSN = {{0388-0001}},
EISSN = {{1873-5746}},
Keywords = {{Named languages; De-colonization; Nation-state; Translanguaging;
   Identity}},
Keywords-Plus = {{MALAYSIA; GLOBALIZATION; LINGUISTICS; IDENTITY}},
Research-Areas = {{Linguistics}},
Web-of-Science-Categories  = {{Linguistics; Language \& Linguistics}},
Author-Email = {{mario.saraceni@port.ac.uk}},
ResearcherID-Numbers = {{Jacob, Camille/AAY-7073-2020
   }},
ORCID-Numbers = {{Jacob, Camille/0000-0002-4624-5594
   Saraceni, Mario/0000-0001-6031-5934}},
Cited-References = {{Aissaoui Rabah, 2003, FR HIST, V17, P186, DOI DOI 10.1093/FH/17.2.186.
   Albury NJ, 2017, LANG SOC, V46, P567, DOI 10.1017/S0047404517000239.
   Asselah-Rahal S., 2007, PLURILINGUISME ENSEI.
   Atmane Y.A., 2013, SYNERG ALGERIE, V20, P51.
   Benazzouz A., 2014, DIASPORISATIONS SOCI, P61.
   Benbachir N., 2012, SYNERG ALGERIE, V16, P147.
   Benkhaled Walid, 2017, ALGERIA NATION CULTU, P243.
   Benmayouf C.Y., 2008, RENOUVELLEMENT SOCIA.
   Benmayouf Chafia Yamina., 2009, QUESTION LINGUISTIQU.
   Bennoune Mahfoud, 2002, MAKING CONT ALGERIA.
   Benrabah M., 2015, SOCIAL LANGAGE PAROL, P185.
   Benrabah M, 2007, INT J FRANCOPH STUD, V10, P193, DOI 10.1386/ijfs.10.1and2.193\_1.
   Benrabah Mohamed, 2013, LANGUAGE CONFLICT AL.
   Benstead LJ, 2013, MIDDLE EAST J CULT C, V6, P75, DOI 10.1163/18739865-00503005.
   BERGER AE, 1998, PARALLAX, V4, P43, DOI DOI 10.1080/135346498250235.
   Berger Anne-Emmanuelle, 2002, ALGERIA OTHERS LANGU.
   Blevis Laure, 2001, DROIT SOC, V48, P557.
   Blommaert J., 1998, LANGUAGE IDEOLOGIES, P258.
   Blommaert J., 2011, DIVERSITIES, V13, P1, DOI DOI 10.4324/9781315730240.
   Bolton K., 2000, INTERVENTIONS, V2, P1.
   Bourdieu P., 1991, LANGUAGE SYMBOLIC PO.
   Canagarajah S., 2013, TRANSLINGUAL PRACTIC.
   Canagarajah S, 2018, APPL LINGUIST, V39, P31, DOI 10.1093/applin/amx041.
   Chachou I., 2013, SITUATION SOCIOLINGU.
   Chafer T., 2017, OXFORD RES ENCY AFRI.
   Chamberlain Muriel E., 2010, SCRAMBLE AFRICA.
   Cheriet A., 1983, OPINION POLITIQUE EN.
   Cheriguen F., 2007, ENJEUX NOMINATION LA.
   Cherrad N., 2016, PLURILINGUISME ALGER, P67.
   Colonna Fanny, 1975, I ALGERIENS 1883 193.
   Coluzzi P., 2017, INT J SOCIOL LANG, V244, P17.
   Dahou F. N. E.-H., 2016, INT J LANGUAGE STUDI, V10, P31.
   Daoudi A, 2011, MIDDLE EAST J CULT C, V4, P146, DOI 10.1163/187398611X571328.
   Davies Eirlys E., 2006, MULTILINGUA, V25, P367, DOI DOI 10.1515/MULTI.2006.020.
   Euromonitor International, 2012, QUANT IND ALG EG IR.
   Evans M., 2012, HIST TODAY, P10.
   Evans Martin, 2013, ALGERIA FRANCES UNDE.
   Fanon F., 1967, BLACK SKIN WHITE MAS.
   Garcia O., 2014, TRANSLANGUAGING LANG.
   Garcia R, 2009, ICSOFT 2009: PROCEEDINGS OF THE 4TH INTERNATIONAL CONFERENCE ON SOFTWARE AND DATA TECHNOLOGIES, VOL 2, P21.
   Graebner S., 2006, ALGERIA FRANCE 1800, P49.
   Houache O., 2015, CITOYEN QUELLE LANGU.
   Irvine JT, 2008, LANG COMMUN, V28, P323, DOI 10.1016/j.langcom.2008.02.001.
   Kadri A., 2014, HIST MEMOIRES.
   Kubota R., 2015, UNEQUAL ENGLISHES PO, P21.
   Lee H.G., 2007, LANGUAGE NATION DEV, P118.
   Makoni SB, 2011, LANG SCI, V33, P680, DOI 10.1016/j.langsci.2011.04.020.
   McAllister E., 2017, FRANCOPHONE POSTCOLO, V8, P46.
   McDougall J, 2006, HIST CULTURE NATL AL.
   McDougall J., 2017, A HIST OF ALGERIA.
   Mignolo W., 2000, COLONIALITY SUBALTER.
   Milroy J., 2012, AUTHORITY LANGUAGE I.
   Mostari H.A., 2004, LANG PROBL LANG PLAN, V28, P25, DOI DOI 10.1075/LPLP.28.1.
   Mouhleb N., 2005, THESIS.
   Noor NM, 2013, INT J INTERCULT REL, V37, P714, DOI 10.1016/j.ijintrel.2013.09.009.
   Omar A. H., 1992, LINGUISTIC SCENERY M.
   Pakenham T., 1991, SCRAMBLE AFRICA 1876.
   Parakrama A, 2012, LINGUIST DIVERS LANG, V9, P107.
   Pavlenko Aneta, 2007, EMOTIONS MULTILINGUA.
   Pennycook A., 2007, DISINVENTING RECONST, P1.
   Pennycook A, 2016, SOCIOLINGUISTICS: THEORETICAL DEBATES, P201.
   Pietsch J, 2014, CITIZENSHIP STUD, V18, P303, DOI 10.1080/13621025.2014.905270.
   Prochaska David, 1988, REV OCCIDENT MUSULMA, V48, P293, DOI DOI 10.3406/REMMM.1988.2245.
   Rassool Naz, 2007, GLOBAL ISSUES LANGUA.
   Reid A, 2001, J SOUTHEAST ASIAN ST, V32, P295, DOI 10.1017/S0022463401000157.
   Roberts, 2003, BATTLEFIELD ALGERIA.
   Robinson WI, 1998, SOCIOL FORUM, V13, P561, DOI 10.1023/A:1022806016167.
   Rubdy R, 2014, GLOBAL-LOCAL INTERFACE AND HYBRIDITY: EXPLORING LANGUAGE AND IDENTITY, P43.
   Saada E., 2012, RACE FILIATION CITIZ.
   Scheele J., 2010, T SAHARAN BOOK TRADE, P291.
   Sebaa R., 1996, ARABISATION SCI SOCI.
   Shamsul AB, 2001, J SOUTHEAST ASIAN ST, V32, P355.
   Shaw F., 1897, THE TIMES OF LONDON.
   Shepard T., 2006, ALGERIA FRANCE 1800, P150.
   Silverstein M, 2010, J LANG POLIT, V9, P339, DOI 10.1075/jlp.9.3.01sil.
   Spolsky B., 2004, LANG POLICY-NETH.
   Suleiman Y., 2013, OXFORD HDB ARABIC LI, P264.
   Taleb Ibrahimi Ahmed., 2008, MEMOIRES ALGERIEN, V2.
   Taleb Ibrahimi K., 1995, ALGERIENS LEURS LANG.
   Temim Dalida., 2007, ENJEUX NOMINATION LA, P19.
   Temlali Y., 2015, GENESE KABYLIE ORIGI.
   Turin Y., 1971, ECOLES MED RELIG 183.
   Vertovec S., 2010, INT SOC SCI J, V61, P83, DOI DOI 10.1111/J.1468-2451.2010.01749.X.
   Vertovec S., 2016, SUPER DIVERSITY.
   Vertovec S, 2007, ETHNIC RACIAL STUD, V30, P1024, DOI 10.1080/01419870701599465.
   wa Thiongo Ngugi, 1986, DECOLONISING MIND PO.
   Wei L, 2018, APPL LINGUIST, V39, P9, DOI 10.1093/applin/amx039.
   Wright S., 2016, LANGUAGE POLICY LANG.
   Yildiz Y., 2012, POSTMONOLINGUAL COND.
   Zhou M., 2017, INT J SOCIOL LANG, V2017, P1, DOI DOI 10.1515/IJSL-2016-0054.}},
Number-of-Cited-References = {{90}},
Times-Cited = {{2}},
Usage-Count-Last-180-days = {{0}},
Usage-Count-Since-2013 = {{4}},
Journal-ISO = {{Lang. Sci.}},
Doc-Delivery-Number = {{JF8IO}},
Unique-ID = {{ISI:000491628400006}},
DA = {{2021-06-22}},
}

@article{ ISI:000470547200001,
Author = {Benati, Alessandro and Batziou, Maria},
Title = {{Discourse and long-term effects of isolated and combined structured
   input and structured output on the acquisition of the English causative
   form}},
Journal = {{LANGUAGE AWARENESS}},
Year = {{2019}},
Volume = {{28}},
Number = {{2}},
Pages = {{77-96}},
Month = {{APR 3}},
Abstract = {{The present study explores discourse and long-term effects of structured
   input (SI) and structured output when delivered in isolation or in
   combination on the acquisition of the English causative. Research
   investigating the effects of SI has indicated that it is the causative
   variable in the positive effects of processing instruction. To provide
   answers to the questions formulated in this study, one classroom
   experiment was carried out. Sixty-eight school-age Greek learners (aged
   10-12) participated. The participants were randomly assigned to three
   groups: SI only group (n = 22); structured output only group (n = 22);
   combined SI and structured output group (n = 24). Subjects who scored
   lower than 50\% in the pre-tests were included in the final data
   collection. Instruction lasted for 3 h. The design included a delayed
   post-tests battery (immediate, 3 weeks after instruction, 24 weeks after
   instruction). The assessment tasks included an interpretation and
   production task at discourse-level. The results indicated that learners
   who received SI both in isolation and in combination benefitted more
   than learners receiving structured output only. These two groups were
   able to retain instructional gains 3 weeks after instruction (short-term
   effects) in all assessment measures. Long-term effects after 6 months
   were also investigated.}},
Publisher = {{ROUTLEDGE JOURNALS, TAYLOR \& FRANCIS LTD}},
Address = {{2-4 PARK SQUARE, MILTON PARK, ABINGDON OX14 4RN, OXON, ENGLAND}},
Type = {{Article}},
Language = {{English}},
Affiliation = {{Benati, A (Corresponding Author), Amer Univ Sharjah, Dept English, Sharjah, U Arab Emirates.
   Benati, Alessandro, Amer Univ Sharjah, Dept English, Sharjah, U Arab Emirates.
   Batziou, Maria, Univ Portsmouth, Sch Languages \& Appl Linguist, Portsmouth, Hants, England.}},
DOI = {{10.1080/09658416.2019.1604721}},
Early Access Date = {{MAY 2019}},
ISSN = {{0965-8416}},
EISSN = {{1747-7565}},
Keywords = {{Structured input; structured output; English causative; discourse-level
   tasks; short-term effects; long-term effects}},
Keywords-Plus = {{PROCESSING INSTRUCTION; EXPLICIT INFORMATION; CLASSROOM; FEEDBACK; SER}},
Research-Areas = {{Linguistics}},
Web-of-Science-Categories  = {{Linguistics; Language \& Linguistics}},
Author-Email = {{abenati@aus.edu}},
ResearcherID-Numbers = {{Benati, Alessandro/AAE-8361-2020}},
ORCID-Numbers = {{Benati, Alessandro/0000-0002-5999-560X}},
Cited-References = {{Benati A, 2004, SEC LANG ACQ RES, P207.
   Benati A., 2019, INT REV APPL LINGUIS, V57.
   Benati A, 2017, LANG TEACHING, P1.
   Benati A., 2010, PROCESSING INSTRUCTI.
   Benati A., 2010, PROCESSING INSTRUCTI, P148.
   Benati A., 2008, GRAMMAR ACQUISITION.
   Benati A., 2004, Language Awareness, V13, P67, DOI {[}10.1080/09658410408667087, DOI 10.1080/09658410408667087].
   Benati A., 2015, INT REV APPL LINGUIS, V53.
   Benati Alessandro., 2005, LANG TEACH RES, V9, P67, DOI {[}10.1191/1362168805lr154oa, DOI 10.1191/1362168805LR154OA].
   Benati Alessandro., 2001, LANG TEACH RES, V5, P95, DOI {[}10.1177/136216880100500202, DOI 10.1177/136216880100500202].
   CARDIERNO T, 1995, MOD LANG J, V79, P179.
   Cheng AC, 2004, SEC LANG ACQ RES, P119.
   Cheng AC, 2002, HISPANIA-J DEV INTER, V85, P308.
   Farley A, 2001, HISPANIA-J DEV INTER, V84, P289, DOI 10.2307/3657760.
   Farley A., 2005, STRUCTURED INPUT GRA.
   Farley Andrew. P., 2001, SPANISH APPL LINGUIS, V5, P57.
   Farley AP, 2004, SEC LANG ACQ RES, P143.
   Farley AP, 2004, SEC LANG ACQ RES, P227.
   Kasprowicz R, 2018, APPL LINGUIST, V39, P886, DOI 10.1093/applin/amw051.
   Keating GD, 2008, HISPANIA-J DEV INTER, V91, P639.
   Kirk RW, 2013, HISPANIA-J DEV INTER, V96, P153, DOI 10.1353/hpn.2013.0009.
   Lee J., 2007, DELIVERING PROCESSIN.
   Lee J., 1995, MAKING COMMUNICATIVE.
   Lee J., 2009, RES PERSPECTIVES PRO.
   Lee James F., 2013, INDIVIDUAL DIFFERENC.
   Lee JF, 2004, SEC LANG ACQ RES, P311.
   Leeser M., RES SYNTHESIS METAAN.
   Marsden E, 2006, LANG LEARN, V56, P507, DOI 10.1111/j.1467-9922.2006.00375.x.
   Marsden E, 2011, LANG LEARN, V61, P1058, DOI 10.1111/j.1467-9922.2011.00661.x.
   Morgan-Short K, 2006, STUD SECOND LANG ACQ, V28, P31, DOI 10.1017/S0272263106060025.
   Mystkowska-Wiertelak A, 2011, RES LANGUAGE, V9, P112.
   Sanz C, 2004, LANG LEARN, V54, P35, DOI 10.1111/j.1467-9922.2004.00248.x.
   Sanz C, 2004, SEC LANG ACQ RES, P241.
   Sanz C., 1997, CONT PERSPECTIVES AC, P41.
   Shintani N, 2015, APPL LINGUIST, V36, P306, DOI 10.1093/applin/amu067.
   Toth PD, 2006, LANG LEARN, V56, P319, DOI 10.1111/j.0023-8333.2006.00349.x.
   VanPatten B, 2004, SEC LANG ACQ RES, P273.
   VanPatten B, 2004, SEC LANG ACQ RES, P97.
   VANPATTEN B, 1995, SECOND LANGUAGE ACQUISITION THEORY AND PEDAGOGY, P169.
   VanPatten B., 1993, STUD SECOND LANG ACQ, V15, P225, DOI DOI 10.1017/S0272263100011979.
   VanPatten B., 2004, PROCESSING INSTRUCTI.
   VanPatten B., 1996, INPUT PROCESSING GRA.
   VanPatten B., 1996, STUD SECOND LANG ACQ, V18, P495, DOI DOI 10.1017/S0272263100015394.
   VanPatten B., 2009, HISPANIA, V92, P116.
   VanPatten B., 2015, KEY TERMS 2 LANGUAGE.
   VanPatten B, 2015, IRAL-INT REV APPL LI, V53, P91, DOI 10.1515/iral-2015-0005.
   VanPatten B, 2009, FOREIGN LANG ANN, V42, P557, DOI 10.1111/j.1944-9720.2009.01033.x.
   VanPatten Bill., 2015, THEORIES 2 LANGUAGE, V2nd ed., P113.
   Wong W, 2004, SEC LANG ACQ RES, P33.}},
Number-of-Cited-References = {{49}},
Times-Cited = {{1}},
Usage-Count-Last-180-days = {{0}},
Usage-Count-Since-2013 = {{3}},
Journal-ISO = {{Lang. Aware.}},
Doc-Delivery-Number = {{IL0AZ}},
Unique-ID = {{ISI:000470547200001}},
DA = {{2021-06-22}},
}

@article{ ISI:000469976000001,
Author = {Berthaud, Sarah and Antonijevic, Stanislava},
Title = {{How subject animacy constrains motion event descriptions Evidence from
   sequential and simultaneous bilinguals in French and English}},
Journal = {{LINGUISTIC APPROACHES TO BILINGUALISM}},
Year = {{2019}},
Volume = {{9}},
Number = {{2}},
Pages = {{163-201}},
Abstract = {{Research has indicated that during sentence processing, French native
   speakers predominantly rely upon lexico-semantic cues (i.e., animacy)
   while native speakers of English rely upon syntactic cues (i.e., word
   order). The present study examined sentence production in L1 French/L2
   English and L1 English/L2 French sequential bilinguals. Participants
   used animate and inanimate entities as sentence subjects while
   describing motion events represented by static pictures. To test a
   gradual change in animacy cue weighting in second-language sequential
   bilinguals with different proficiency levels were included. Sentence
   production of sequential bilinguals was compared against that of
   simultaneous bilinguals. The results indicated an overall preference for
   the use of animate subjects for both languages at all proficiency
   levels. The effect of animacy was stronger for English L2 than French L2
   while it did not differ between languages in simultaneous bilinguals.
   Evidence for potential change in the animacy-cue weighting was only
   observed for English L2.}},
Publisher = {{JOHN BENJAMINS PUBLISHING CO}},
Address = {{PO BOX 36224, 1020 ME AMSTERDAM, NETHERLANDS}},
Type = {{Article}},
Language = {{English}},
Affiliation = {{Berthaud, S (Corresponding Author), Univ Portsmouth, Sch Languages \& Area Studies, Portsmouth PO1 2DZ, Hants, England.
   Berthaud, Sarah, Univ Portsmouth, Sch Languages \& Area Studies, Portsmouth PO1 2DZ, Hants, England.
   Antonijevic, Stanislava, Natl Univ Ireland, Discipline Speech \& Language Therapy, Galway, Ireland.}},
DOI = {{10.1075/lab.16023.ber}},
ISSN = {{1879-9264}},
EISSN = {{1879-9272}},
Keywords = {{animacy of the sentence subject; motion events; simultaneous
   bilingualism; sequential bilingualism}},
Keywords-Plus = {{SENTENCE INTERPRETATION; LANGUAGE; DETERMINANTS; COMPETITION; ORDER;
   INTERFERENCE; ACQUISITION; STRATEGIES; SPEAKERS; WORD}},
Research-Areas = {{Linguistics}},
Web-of-Science-Categories  = {{Linguistics; Language \& Linguistics}},
Author-Email = {{sarah.berthaud@port.ac.uk}},
Funding-Acknowledgement = {{Embark Initiative from the Irish Research Council for Science,
   Engineering and Technology (IRCSET)}},
Funding-Text = {{This research was supported by a grant from the Embark Initiative from
   the Irish Research Council for Science, Engineering and Technology
   (IRCSET).}},
Cited-References = {{Abutalebi J., 2009, HDB BILINGUALISM, P479.
   Achard M., 2002, GRAMMAR CAUSATION IN, P127, DOI {[}10.1075/tsl.48.08ach, DOI 10.1075/TSL.48.08ACH].
   Aissen J, 2003, NAT LANG LINGUIST TH, V21, P435, DOI 10.1023/A:1024109008573.
   Alexiadou A., 2006, 25 W COAST C FORM LI, P44.
   Altmann LJP, 2006, LANG COGNITIVE PROC, V21, P322, DOI 10.1080/0169096054400006.
   Antonijevi S, 2009, P FECHNER DAY, V25, P487.
   Barac R, 2012, CHILD DEV, V83, P413, DOI 10.1111/j.1467-8624.2011.01707.x.
   BATES E, 1984, CHILD DEV, V55, P341.
   Bates E., 1982, LANG ACQUIS, P173.
   Beavers J, 2010, J LINGUIST, V46, P331, DOI 10.1017/S0022226709990272.
   Berthaud S, 2012, CONSTR APPROACH LANG, V13, P155.
   Bialystok E, 1999, CHILD DEV, V70, P636, DOI 10.1111/1467-8624.00046.
   Bialystok E., 2001, BILINGUALISM DEV LAN, DOI {[}10.1017/CBO9780511605963, DOI 10.1017/CBO9780511605963, 10.1017/CBO9780511605963.].
   Bialystok E., 2011, LANG, V23, P121.
   BOCK K, 1992, PSYCHOL REV, V99, P150, DOI 10.1037/0033-295X.99.1.150.
   Bowerman M., 1973, EARLY SYNTACTIC DEV.
   Branigan HP, 2008, LINGUA, V118, P172, DOI 10.1016/j.lingua.2007.02.003.
   Brown R., 1973, STUDIES CHILD LANGUA, P295.
   Brown R., 1970, PSYCHOLINGUISTICS SE.
   Bylund E, 2015, MOD LANG J, V99, P1, DOI 10.1111/modl.12175.
   Campbell S., 2013, TRANSLATION 2 LANGUA.
   Chapman R., 1975, J SPEECH HEAR RES, V18, P346.
   CLARK EV, 1973, COGNITIVE DEV ACQUIS, P65, DOI DOI 10.1016/B978-0-12-505850-6.50009-8.
   CLARK HH, 1971, LANG SPEECH, V14, P34, DOI 10.1177/002383097101400105.
   Comrie B., 1989, LANGUAGE UNIVERSALS.
   Cook V, 1999, TESOL QUART, V33, P185, DOI 10.2307/3587717.
   Costa A., 1999, BILING-LANG COGN, V2, P231, DOI {[}10.1017/S1366728999000334, DOI 10.1017/S1366728999000334].
   Costa A, 2014, NAT REV NEUROSCI, V15, P336, DOI 10.1038/nrn3709.
   Council of Europe, 2001, COMM EUR FRAM REF LA.
   Cruse DA, 1973, J LINGUIST, V9, P11, DOI 10.1017/S0022226700003509.
   De Villiers P. A., 1974, J EXPT CHILD PSYCHOL, V18, DOI {[}10.1016/0022-0965(74)90122-2, DOI 10.1016/0022-0965(74)90122-2].
   Devescovi A., 1999, FIRST LANG, V19, P129.
   Dong YP, 2005, BILING-LANG COGN, V8, P221, DOI 10.1017/S1366728905002270.
   Doughty C., 1998, FOCUS FORM CLASSROOM.
   Ellis NC, 2006, APPL LINGUIST, V27, P164, DOI 10.1093/applin/aml015.
   FERREIRA F, 1994, J MEM LANG, V33, P715, DOI 10.1006/jmla.1994.1034.
   Folli R, 2008, LINGUA, V118, P190, DOI 10.1016/j.lingua.2007.02.004.
   Folli R, 2007, LINGUIST INQ, V38, P197, DOI 10.1162/ling.2007.38.2.197.
   Folli Raffaella, 2005, ASPECTUAL INQUIRIES, P99, DOI {[}10.1007/1-4020-3033-9\_5, DOI 10.1007/1-4020-3033-9\_5].
   GASS SM, 1987, APPL PSYCHOLINGUIST, V8, P329, DOI 10.1017/S0142716400000369.
   Gennari SP, 2012, COGNITIVE PSYCHOL, V65, P141, DOI 10.1016/j.cogpsych.2012.03.002.
   Green D.W., 1998, BILING-LANG COGN, V1, P67, DOI {[}10.1017/s1366728998000133., 10.1017/S1366728998000133, DOI 10.1017/S1366728998000133].
   Grimm S., 2007, BERKLEY LINGUISTICS, V33, P178, DOI DOI 10.3765/BLS.V33I1.3526.
   GROSJEAN F, 1989, BRAIN LANG, V36, P3, DOI 10.1016/0093-934X(89)90048-5.
   Grosjean F., 2012, PSYCHOLINGUISTICS BI.
   Hatim B., 2014, TEACHING RES TRANSLA.
   Hernandez AE, 1996, J EXP PSYCHOL LEARN, V22, P846, DOI 10.1037/0278-7393.22.4.846.
   Hervey S.G. J., 2002, THINKING FRENCH TRAN.
   Hickmann M., 2007, CATEGORIZATION SPATI, P205, DOI DOI 10.1075/HCP.20.12HIC.
   Hickmann M, 2010, COGN LINGUIST, V21, P189, DOI 10.1515/COGL.2010.007.
   HURFORD JR, 1994, GRAMMAR STUDENTS GUI.
   Ibarretxe-Antunano I., 2003, INT J ENGL STUD, V3, P151.
   ITAGAKI N, 1985, LINGUA, V66, P135, DOI 10.1016/S0024-3841(85)90292-X.
   Kail M., 1986, ADV PSYCHOL, V39, P349.
   Kail M., 1999, LANGUAGE DIVERSITY C, P179.
   KROLL JF, 1994, J MEM LANG, V33, P149, DOI 10.1006/jmla.1994.1008.
   LIU H, 1992, APPL PSYCHOLINGUIST, V13, P451, DOI 10.1017/S0142716400005762.
   MacWhinney B., 2005, HDB BILINGUALISM PSY, P49.
   MacWhinney B., 1989, CROSSLINGUISTIC STUD.
   MCDONALD JL, 1991, APPL PSYCHOLINGUIST, V12, P313, DOI 10.1017/S0142716400009255.
   MCDONALD JL, 1993, COGNITIVE PSYCHOL, V25, P188, DOI 10.1006/cogp.1993.1005.
   Morett LM, 2013, BILING-LANG COGN, V16, P132, DOI 10.1017/S1366728912000107.
   New B, 2001, ANN PSYCHOL, V101, P447.
   New B, 2004, BEHAV RES METH INS C, V36, P516, DOI 10.3758/BF03195598.
   Ochsenbauer Anne-Katharina., 2011, LANGUAGE, V2, P101, DOI {[}10.1075/lia.2.1.05och, DOI 10.1075/LIA.2.1.05OCH].
   Papafragou A., 2005, COGNITION, V98, P75.
   Pavlenko A., 2009, BILINGUAL MENTAL LEX, P125, DOI DOI 10.21832/9781847691262-008.
   Pearson J., 2001, EFFECTS ANIMACY THEM.
   Pham G, 2016, APPL PSYCHOLINGUIST, V37, P461, DOI 10.1017/S0142716415000077.
   Pham G, 2010, APPL PSYCHOLINGUIST, V31, P507, DOI 10.1017/S0142716410000093.
   Pourcel Stephanie, 2005, DURHAM NEWCASTLE WOR, V11, P139.
   Prat Sala M., 1997, THESIS.
   Rakison DH, 2001, PSYCHOL BULL, V127, P209, DOI 10.1037//0033-2909.127.2.209.
   Robinson Peter, 2008, HDB COGNITIVE LINGUI, P489.
   Rosenbach A, 2005, LANGUAGE, V81, P613, DOI 10.1353/lan.2005.0149.
   SASAKI Y, 1991, APPL PSYCHOLINGUIST, V12, P47, DOI 10.1017/S0142716400009371.
   SCHOLFIELD P, 1995, QUANTIFYING LANGUAGE.
   Slobin D. I., 1968, CONT ISSUES DEV PSYC, P437.
   Slobin D.I., 2004, RELATING EVENTS NARR, P219, DOI DOI 10.4324/9781410609694.
   Slobin D.I., 1996, GRAMMATICAL CONSTRUC, P195.
   Slobin DI, 2005, PERSPECTIVES ON LANGUAGE AND LANGUAGE DEVELOPMENT, P115, DOI 10.1007/1-4020-7911-7\_10.
   Stosic D., 2009, SPACE TIME LANGUAGE, P39.
   Su IR, 2001, APPL PSYCHOLINGUIST, V22, P83, DOI 10.1017/S0142716401001059.
   Talmy Leonard, 2000, COGNITIVE SEMANTICS.
   Talmy Leonard, 2000, COGNITIVE SEMANTICS, VII.
   Tremoulet PD, 2000, PERCEPTION, V29, P943, DOI 10.1068/p3101.
   van Nice KY, 2003, LINGUISTICS, V41, P825.
   van Rihn H., 1993, CELEX LEXICAL DATABA.
   Vinay Jean-Paul, 1995, COMP STYLISTICS FREN, DOI {[}10.1075/btl.11, DOI 10.1075/BTL.11].
   Wolff P, 2009, LANGUAGE COGNITION, V2, P165.
   Wolff Philip, 2010, WORDS MIND WORDS CAP, P93.
   Woods A, 1986, STAT LANGUAGE STUDIE, DOI {[}10.1017/CBO9781139165891, DOI 10.1017/CBO9781139165891].
   Wust V., 2010, L2 J, V2, P45.
   Xu C, 2015, OPEN J MODERN LINGUI, V5, P213, DOI {[}10.4236/ojml.2015.52017, DOI 10.4236/OJML.2015.52017].}},
Number-of-Cited-References = {{94}},
Times-Cited = {{0}},
Usage-Count-Last-180-days = {{0}},
Usage-Count-Since-2013 = {{2}},
Journal-ISO = {{Linguist. Approaches Biling.}},
Doc-Delivery-Number = {{IB0UD}},
Unique-ID = {{ISI:000469976000001}},
DA = {{2021-06-22}},
}

@article{ ISI:000458032900007,
Author = {Sakamoto, Akiko},
Title = {{Disruption in Translator -Client Matching: Paid Crowdsourcing Platforms
   vs Human Project Managers}},
Journal = {{TRADUMATICA-TRADUCCIO I TECNOLOGIES DE LA INFORMACIO I LA COMUNICACIO}},
Year = {{2018}},
Number = {{16}},
Pages = {{85-94}},
Month = {{DEC}},
Abstract = {{The paid crowdsourcing business model has brought a disruptive change to
   the translator procurement environment, offering clients algorithm-based
   automated systems as an alternative to conventional human-mediated
   project management services. This article analyses the
   conceptual/epistemological differences between the two from the
   viewpoint of knowledge management and considers the implications for
   future development of the industry.}},
Publisher = {{UNIV AUTONOMA BARCELONA, SERV PUBLICACIONS}},
Address = {{EDIFICI A, BELLATERRA, CARDANYOLA VALLES, BARCELONA, 08193, SPAIN}},
Type = {{Article}},
Language = {{English}},
Affiliation = {{Sakamoto, A (Corresponding Author), Univ Portsmouth, Portsmouth, Hants, England.
   Sakamoto, Akiko, Univ Portsmouth, Portsmouth, Hants, England.}},
DOI = {{10.5565/rev/tradumatica.218}},
ISSN = {{1578-7559}},
Keywords = {{platform economy; paid translation crowdsourcing; translator-client
   matching; project management; project managers; tacit knowledge}},
Research-Areas = {{Linguistics}},
Web-of-Science-Categories  = {{Linguistics}},
Author-Email = {{akiko.sakamoto@port.ac.uk}},
ResearcherID-Numbers = {{Sakamoto, Akiko/AAC-1784-2021
   }},
ORCID-Numbers = {{Sakamoto, Akiko/0000-0001-9120-3089}},
Cited-References = {{AnydooR, 2018, CON OWN AN STARTS VO.
   Christensen CM., 1997, INNOVATORS DILEMMA N.
   Collins H.M., 1990, ARTIFICIAL EXPERTS S.
   Dino G, 2018, UTRANSLATED PUT OUT.
   Dolmaya JM, 2012, TRANSLATOR, V18, P167.
   Flanagan M, 2016, J SPEC TRANSL, P149.
   Garcia I., 2017, HERMES J LANGUAGE CO, V56, P59, DOI {[}10.7146/hjlcb.v0i56.97202, DOI 10.7146/HJLCB.V0I56.97202].
   Garcia I, 2015, J SPEC TRANSL, P18.
   Hendzel K, WHY TRANSLATORS ARE.
   Howe J., 2006, WIRED, V14, P176.
   Jimenez-Crespo MA, 2017, PERSPECT STUD TRANSL, V25, P478, DOI 10.1080/0907676X.2017.1285948.
   Jimenez-Crespo MA, 2016, TRADUMATICA, P75, DOI 10.5565/rev/tradumatica.167.
   Jimenez-Crespo Miguel A., 2017, CROWDSOURCING ONLINE.
   Kenney M, 2016, ISSUES SCI TECHNOL, V32, P61.
   Moorkens J, 2017, PERSPECT STUD TRANSL, V25, P464, DOI 10.1080/0907676X.2017.1285331.
   O'Hagan M., 2009, J INT LOCALIZATION, V1, P94, DOI {[}https://doi.org/10.1075/jial.1.04hag, DOI 10.1075/JIAL.1.04HAG].
   Olohan M, 2017, J CONTEMP ETHNOGR, V46, P391, DOI 10.1177/0891241615603449.
   Parker G., 2016, PLATFORM REVOLUTION.
   Rodriguez-Castro M, 2013, TRANSL SPACES, V2, P37, DOI 10.1075/ts.2.03rod.
   Sakamoto A., 2017, TRANSLATION MEETS TE.
   Sakamoto A, 2017, TRANSL SPACES, V6, P333, DOI 10.1075/ts.6.2.08sak.
   Sakamoto A, 2017, META, V62, P271, DOI 10.7202/1041024ar.
   Srnicek N., 2017, PLATFORM CAPITALISM.
   Stepes, 2018, PLATAFORMA STEPES.
   WAGNER RK, 1985, J PERS SOC PSYCHOL, V49, P436.
   Wisgo J, IMPRESSIONS NEW TRAN.}},
Number-of-Cited-References = {{26}},
Times-Cited = {{2}},
Usage-Count-Last-180-days = {{0}},
Usage-Count-Since-2013 = {{4}},
Journal-ISO = {{Tradumatica}},
Doc-Delivery-Number = {{HK5UI}},
Unique-ID = {{ISI:000458032900007}},
OA = {{Other Gold, Green Published}},
DA = {{2021-06-22}},
}

@article{ ISI:000432010500016,
Author = {Barnes, Colin J. and Markham, Chris},
Title = {{A pilot study to evaluate the effectiveness of an individualized and
   cognitive behavioural communication intervention for informal carers of
   people with dementia: The Talking Sense programme}},
Journal = {{INTERNATIONAL JOURNAL OF LANGUAGE \& COMMUNICATION DISORDERS}},
Year = {{2018}},
Volume = {{53}},
Number = {{3}},
Pages = {{615-627}},
Month = {{MAY-JUN}},
Abstract = {{BackgroundPeople with dementia and family carers often experience
   difficulties communicating together. These difficulties are considered
   to contribute significantly to the depression, anxiety and negative
   feelings such as guilt often reported by dementia family carers.
   AimsTo develop and contribute to the theory and evidence base for
   single-component, psychosocial interventions that address these
   difficulties by evaluating the effectiveness of the Talking Sense
   programme which was designed to reflect existing best evidence.
   Methods \& ProceduresTalking Sense was delivered as an individualized,
   one to one, cognitive behavioural approach for developing knowledge,
   skills, thinking and behaviour of dementia family carers in managing
   communication difficulties. In this study, a randomized controlled trial
   compared 27 carers who completed three one-to-one individualized
   sessions using Talking Sense with 25 carers who received a single,
   knowledge-only, control discussion.
   Outcomes \& ResultsThere were no significant differences for the primary
   outcome measure of carer anxiety and depression as well as carer quality
   of life and general self-efficacy. Statistically significant results
   suggested carers receiving the Talking Sense intervention had fewer
   communication difficulties happening (p = 0.046) and felt more valued by
   their relatives (p = 0.046). A score close to significance (p = 0.052)
   suggested they perceived their relatives to be more communicatively
   competent.
   Conclusions \& ImplicationsThe intervention and research design were
   shown to be effective with low attrition and high adherence to
   treatment. A non-significant finding for the primary outcome measure
   does not support the potential for this intervention to effect carer
   anxiety and depression. The potential for perceived change in the person
   with dementia, with statistically fewer communication difficulties
   happening and the carer feeling more valued by their relative, was the
   most significant finding from this programme of research.
   Recommendations for further research are made.}},
Publisher = {{WILEY}},
Address = {{111 RIVER ST, HOBOKEN 07030-5774, NJ USA}},
Type = {{Article}},
Language = {{English}},
Affiliation = {{Barnes, CJ (Corresponding Author), Solent NHS Trust, St James Hosp, Locksway Rd, Portsmouth P04 8LD, Hants, England.
   Barnes, Colin J., Solent NHS Trust, St James Hosp, Locksway Rd, Portsmouth P04 8LD, Hants, England.
   Markham, Chris, Univ Portsmouth, Sch Hlth Sci \& Social Work, Portsmouth, Hants, England.}},
DOI = {{10.1111/1460-6984.12375}},
ISSN = {{1368-2822}},
EISSN = {{1460-6984}},
Keywords = {{Dementia; Alzheimer's; Carers; Caregivers; Communication; Psychosocial}},
Keywords-Plus = {{CAREGIVERS}},
Research-Areas = {{Audiology \& Speech-Language Pathology; Linguistics; Rehabilitation}},
Web-of-Science-Categories  = {{Audiology \& Speech-Language Pathology; Linguistics; Rehabilitation}},
Author-Email = {{colin.barnes@solent.nhs.uk}},
ResearcherID-Numbers = {{Helliwell, rebecca/AAM-2835-2020
   }},
ORCID-Numbers = {{Barnes, Colin/0000-0001-6422-8045}},
Funding-Acknowledgement = {{Sir Halley Stewart Trust}},
Funding-Text = {{This project was supported by a grant, which funded interviewer time and
   transcriptions, from the Sir Halley Stewart Trust. <BOLD> </BOLD>}},
Cited-References = {{Akkerman Rhonda L, 2004, Am J Alzheimers Dis Other Demen, V19, P117, DOI 10.1177/153331750401900202.
   Alzheimer's Society, 2014, DEM STAT INF.
   Andren S, 2008, J CLIN NURS, V17, P790, DOI 10.1111/j.1365-2702.2007.02066.x.
   Bandura A., 1997, SELF EFFICACY EXERCI.
   Barnes C, 2016, THESIS.
   Barnes C., 2011, TALKING SENSE UNPUB.
   Bjelland I, 2002, J PSYCHOSOM RES, V52, P69, DOI 10.1016/S0022-3999(01)00296-3.
   Bourgeois M. S., 2009, DEMENTIA DIAGNOSIS M.
   Bourgeois MS, 1997, GERONTOLOGIST, V37, P30, DOI 10.1093/geront/37.1.30.
   Braun M, 2010, FAM PROCESS, V49, P185, DOI 10.1111/j.1545-5300.2010.01317.x.
   Carroll KM, 2002, CLIN PSYCHOL-SCI PR, V9, P396, DOI 10.1093/clipsy/9.4.396.
   Charlesworth G., 2006, TRIAL DESIGNS OUTCOM.
   Chee Y, 2005, CLIN GERONTOLOGIST, V28, P43, DOI DOI 10.1300/J018V28N04\_04.
   Cohen J., 1988, STAT POWER ANAL BEHA.
   Cooper C, 2007, INT J GERIATR PSYCH, V22, P181, DOI 10.1002/gps.1656.
   Crawford JR, 2001, BRIT J CLIN PSYCHOL, V40, P429, DOI 10.1348/014466501163904.
   Done DJ, 2001, INT J GERIATR PSYCH, V16, P816.
   Egan Mary, 2010, Int J Alzheimers Dis, V2010, DOI 10.4061/2010/906818.
   Feil N., 1995, VALIDATION BREAKTHRO.
   FOLSTEIN MF, 1975, J PSYCHIAT RES, V12, P189, DOI 10.1016/0022-3956(75)90026-6.
   Gant Judith R, 2007, Am J Alzheimers Dis Other Demen, V22, P120, DOI 10.1177/1533317506298880.
   Haberstroh J, 2011, AGING MENT HEALTH, V15, P405, DOI 10.1080/13607863.2010.536135.
   Jones T. S., 1984, WOMENS STUDIES COMMU, V7, P23.
   Joseph S, 2012, MENT HEALTH REV J, V17, P57, DOI 10.1108/13619321211270380.
   Klodnicka Kouri K., 2011, DEMENTIA, V10, P435, DOI DOI 10.1177/1471301211408124.
   LAWSHE CH, 1975, PERS PSYCHOL, V28, P563, DOI 10.1111/j.1744-6570.1975.tb01393.x.
   LEVINE C, 2004, CULTURES CAREGIVING.
   Liddle J, 2012, INT PSYCHOGERIATR, V24, P1927, DOI 10.1017/S1041610212001366.
   Livingston G., 2013, BRIT MED J, V347, P12.
   McCallion P, 1999, J AM GERIATR SOC, V47, P203, DOI 10.1111/j.1532-5415.1999.tb04579.x.
   Moher D, 2010, CONSORT 2010 EXPLANA.
   Moniz-Cook E, 2011, AGING MENT HEALTH, V15, P283, DOI 10.1080/13607863.2010.543665.
   MRC (Med. Res. Counc.), 2000, FRAM DEV EV RCTS COM.
   National Institute For Health Research, 2014, PURP FEAS PIL STUD.
   Ornstein K, 2013, AM J GERIAT PSYCHIAT, V21, P1277, DOI 10.1016/j.jagp.2013.01.062.
   PEDERSON J, 2008, J INTERCULTURAL COMM, V37, P189, DOI DOI 10.1080/17475750903135374.
   Princess Royal Trust For Carers, 2014, KEY FACTS CAR.
   Query J. L., 2009, HEALTH COMMUN, V1, P165.
   Ripich D. N., 1999, CLIN GERONTOLOGIST, V21, P37, DOI DOI 10.1300/J018V21N01.
   RIPICH DN, 1998, CLIN GERONTOLOGIST, V19, P37.
   Scholz U, 2002, EUR J PSYCHOL ASSESS, V18, P242, DOI 10.1027//1015-5759.18.3.242.
   Schulz R, 2000, HDB DEMENTIA CAREGIV.
   Searson R, 2008, AGING MENT HEALTH, V12, P276, DOI 10.1080/13607860801956977.
   Small JA, 2003, J SPEECH LANG HEAR R, V46, P353, DOI 10.1044/1092-4388(2003/028).
   Snaith RP., 2003, HOSP ANXIETY DEPRESS.
   Sommerlad A, 2014, BMJ OPEN, V4, DOI 10.1136/bmjopen-2014-005273.
   Thompson C.A., 2007, BMC GERIATRICS, V7.
   Vernooij-Dassen M, 2011, COCHRANE DB SYST REV, DOI 10.1002/14651858.CD005318.pub2.
   Weinman J., 1995, MEASURES HLTH PSYCHO.
   Wells A., 2008, COGNITIVE THERAPY AN.}},
Number-of-Cited-References = {{50}},
Times-Cited = {{7}},
Usage-Count-Last-180-days = {{1}},
Usage-Count-Since-2013 = {{10}},
Journal-ISO = {{Int. J. Lang. Commun. Disord.}},
Doc-Delivery-Number = {{GF5MC}},
Unique-ID = {{ISI:000432010500016}},
DA = {{2021-06-22}},
}

@article{ ISI:000452040800003,
Author = {Berthaud, Sarah and Mason, Sarah},
Title = {{Embedding reflection throughout the postgraduate translation curriculum:
   using Communities of Practice to enhance training}},
Journal = {{INTERPRETER AND TRANSLATOR TRAINER}},
Year = {{2018}},
Volume = {{12}},
Number = {{4}},
Pages = {{388-405}},
Abstract = {{The translation industry, as well as Higher Education Institutions
   (HEIs) and translator training, have undergone numerous changes in the
   last two decades. These changes might explain why there is often a gap
   between translator training and professional translation practice. In
   this paper, we argue that situated learning through the development of a
   community of practice (CoP) ensures cohesion in individual, group and
   larger professional contexts. We further argue that reflection elements
   integrated within the CoP provide a way to narrow the gap between
   translator training and professional translation practice. Unlike
   previous studies, in this paper we explore how reflection can be
   embedded during participation and learning throughout the translation
   post-graduate curriculum to create a CoP. We detail a case-study of the
   MA in Translation Studies (MATS) at the University of Portsmouth, UK. On
   the MATS, reflection - for all participants involved - influences all
   aspects of the course, thereby developing an adaptable CoP that sets
   both learners and trainers up with the tools for successful adaptation
   for their professional life.}},
Publisher = {{ROUTLEDGE JOURNALS, TAYLOR \& FRANCIS LTD}},
Address = {{2-4 PARK SQUARE, MILTON PARK, ABINGDON OX14 4RN, OXON, ENGLAND}},
Type = {{Article}},
Language = {{English}},
Affiliation = {{Berthaud, S (Corresponding Author), Galway Mayo Inst Technol, Galway Int Hotel Sch, Galway, Ireland.
   Berthaud, Sarah, Galway Mayo Inst Technol, Galway Int Hotel Sch, Galway, Ireland.
   Mason, Sarah, Univ Portsmouth, Sch Languages \& Area Studies, Fac Humanities \& Social Sci, Portsmouth, Hants, England.}},
DOI = {{10.1080/1750399X.2018.1538847}},
ISSN = {{1750-399X}},
EISSN = {{1757-0417}},
Keywords = {{Translation; translator training; metacognitive skills; reflection;
   community of practice}},
Research-Areas = {{Linguistics}},
Web-of-Science-Categories  = {{Linguistics; Language \& Linguistics}},
Author-Email = {{sarah.berthaud@gmit.ie}},
ORCID-Numbers = {{Mason, Sarah/0000-0001-8045-1183
   Berthaud, Sarah/0000-0002-3605-9341}},
Cited-References = {{Calvo E, 2015, INTERPRET TRANSL TRA, V9, P306, DOI 10.1080/1750399X.2015.1103107.
   Cater-Steel A., 2017, IMPLEMENTING COMMUNI, P3, DOI 10.1007/978-981-10-2866-3\_1.
   Chartered Institute of Linguists (CIoL), 2017, CONTINUING PROFESSIO.
   Choi JY, 2006, META, V51, P273, DOI 10.7202/013256ar.
   Collini S., 2012, WHAT ARE U.
   Coutinho S.A., 2007, EDUCATE, V7, P39.
   D'Hayer D., 2013, INTERPRETING CHANGIN, P321.
   D'Hayer D, 2012, META, V57, P235, DOI 10.7202/1012751ar.
   Dam H.V., 2016, J SPEC TRANSL, V25, P1.
   de Cespedes BR, 2017, INTERPRET TRANSL TRA, V11, P103, DOI 10.1080/1750399X.2017.1339980.
   Durban C., 2003, TRANSLATIONJOUNA JAN.
   Eckert P., 2006, ENCY LANGUAGE LINGUI, P683, DOI DOI 10.1016/B0-08-044854-2/01276-1.
   Esteves-Ferreira J., 2016, C P LOND NOV 17 18.
   EVANS N, 2003, MAKING SENSE LIFELON.
   FIELD J, 2000, LIFELONG LEARNING ED.
   Friedman A. L., 2013, CONTINUING PROFESSIO.
   Fuller A., 2007, COMMUNITIES PRACTICE, P17.
   Galan-Manas A, 2010, INTERPRET TRANSL TRA, V4, P197, DOI 10.1080/13556509.2010.10798804.
   GTCS, 2012, STAND CAR LONG PROF.
   Hodkinson H., 2004, INT J TRAINING DEV, V8, P21, DOI DOI 10.1111/IJTD.2004.8.ISSUE-1.
   Hughes J., 2007, COMMUNITIES PRACTICE, P1.
   Institute of Translation and Interpreting (ITI), 2017, COD PROF COND.
   Institute of Translation and Interpreting (ITI), 2017, PROF DEV.
   Kelly D, 2015, NEW PERSP ASS TRANSL.
   Kenny D., 2007, BOUNDARIES INT PERSP.
   Kiraly D., 2013, NEW PROSPECTS PERSPE, P197.
   Kiraly D., 2000, SOCIAL CONSTRUCTIVIS.
   Lave J., 1991, SITUATED LEARNING LE, DOI 10.1017/CBO9780511815355.
   Lawrence-Wilkes L., 2014, REFLECTIVE PRACTITIO.
   Lea M., 2005, COMMUNITIES PRACTICE, P180.
   Lindsay H., 2014, ADAPTABILITY SECRET.
   Massey G., 2013, NEW PROSPECTS PERSPE, P157.
   Mcdonough J, 2007, META, V52, P793, DOI 10.7202/017697ar.
   Mezirow J., 2000, LEARNING TRANSFORMAT.
   Moon JA, 1999, REFLECTION LEARNING.
   Orlando M, 2012, GLOBAL TRENDS TRANSL, P197.
   Pym A., 2016, J SPEC TRANSL, V25, P54.
   PYM A, 1998, MARKET FACTOR TRAINI.
   Risku H, 2016, INTERPRET TRANSL TRA, V10, P12, DOI 10.1080/1750399X.2016.1154340.
   Sakamoto A., 2017, TRANSLATION MEETS TE.
   Stewart J., 2010, T21N TRANSLATION TRA, P10.
   TORRESSIMON E, 2017, EUROPEAN MASTERS TRA.
   University of Portsmouth, 2016, REAL VIS STRAT.
   Varela M. J., 2007, TRANSLATIONJOURN OCT.
   Wenger E., 2007, COMMUNITIES PRACTICE.
   Wenger E., 1998, COMMUNITIES PRACTICE.}},
Number-of-Cited-References = {{46}},
Times-Cited = {{1}},
Usage-Count-Last-180-days = {{1}},
Usage-Count-Since-2013 = {{7}},
Journal-ISO = {{Interpret. Transl. Train.}},
Doc-Delivery-Number = {{HC8GR}},
Unique-ID = {{ISI:000452040800003}},
DA = {{2021-06-22}},
}

@article{ ISI:000417202100001,
Author = {Benati, Alessandro and Rastelli, Stefano},
Title = {{The teaching and acquisition interface in neurocognition research}},
Journal = {{SECOND LANGUAGE RESEARCH}},
Year = {{2018}},
Volume = {{34}},
Number = {{1, SI}},
Pages = {{3-7}},
Month = {{JAN}},
Abstract = {{This special issue brings forward new insights on the brain changes
   following second language instruction. The fundamental research question
   of the extent to which different teaching-related variables impact
   patterns of brain adaptation in adult learners is addressed. The
   articles contribute to a new field of experimental language research
   dubbed the neurocognition of the teaching/acquisition interface.'}},
Publisher = {{SAGE PUBLICATIONS LTD}},
Address = {{1 OLIVERS YARD, 55 CITY ROAD, LONDON EC1Y 1SP, ENGLAND}},
Type = {{Article}},
Language = {{English}},
Affiliation = {{Benati, A (Corresponding Author), Univ Portsmouth, Ctr Appl Res \& Outreach Language Sci, Pk Bldg, Portsmouth PO1 2DZ, Hants, England.
   Benati, Alessandro, Univ Portsmouth, Portsmouth, Hants, England.
   Rastelli, Stefano, Univ Pavia, Pavia, Italy.
   Rastelli, Stefano, Univ Greenwich, London, England.}},
DOI = {{10.1177/0267658317732616}},
ISSN = {{0267-6583}},
EISSN = {{1477-0326}},
Keywords = {{ERPs; learning; neurocognition; teaching}},
Research-Areas = {{Education \& Educational Research; Linguistics}},
Web-of-Science-Categories  = {{Education \& Educational Research; Linguistics}},
Author-Email = {{alessandro.benati@port.ac.uk}},
ResearcherID-Numbers = {{Benati, Alessandro/AAE-8361-2020}},
ORCID-Numbers = {{Benati, Alessandro/0000-0002-5999-560X}},
Cited-References = {{Faretta-Stutenberg M, 2018, SECOND LANG RES, V34, P67, DOI 10.1177/0267658316684903.
   Luck S. J., 2013, OXFORD HDB EVENT REL.
   Nickels S, 2018, SECOND LANG RES, V34, P9, DOI 10.1177/0267658316649998.
   Rastelli S, 2018, SECOND LANG RES, V34, P103, DOI 10.1177/0267658316681377.
   Roberts L, 2018, 2 LANGUAGE RES.
   Steinhauer K, 2014, APPL LINGUIST, V35, P393, DOI 10.1093/applin/amu028.
   Ullman M.T., 2005, MIND CONTEXT ADULT 2, P141.
   Ullman MT, 2018, SECOND LANG RES, V34, P39, DOI 10.1177/0267658316675195.}},
Number-of-Cited-References = {{8}},
Times-Cited = {{1}},
Usage-Count-Last-180-days = {{0}},
Usage-Count-Since-2013 = {{16}},
Journal-ISO = {{Second Lang. Res.}},
Doc-Delivery-Number = {{FO9IV}},
Unique-ID = {{ISI:000417202100001}},
DA = {{2021-06-22}},
}

@article{ ISI:000453269200004,
Author = {Urbani, Alberto and Fasulo, Alessandra},
Title = {{POLITICS AND THE PEOPLE : A STUDY IN POLITICAL REPRESENTATION IN UK TV
   DEBATES}},
Journal = {{RIVISTA DI PSICOLINGUISTICA APPLICATA-JOURNAL OF APPLIED
   PSYCHOLINGUISTICS}},
Year = {{2017}},
Volume = {{17}},
Number = {{2, SI}},
Pages = {{61-75}},
Abstract = {{This study is an exploration of political representation, viewed as a
   central component of political identities. Drawing from two political
   debates from the UK talk show Daily Politics, we described the
   discursive practices through which political figures construct different
   types of audiences and bestow different meanings upon the word `people'.
   In the two debates, a member of parliament from the Tory and one from
   the Labour Party discussed with, respectively, the representative of an
   organisation for political research and an activist of a left wing
   group. By using Discourse Analysis, and applying the analytical
   resources from Membership Categorization Device Analysis (Sacks 1992)
   and Goffman's Footing (1981), we identified two different types of
   populist positions emerging in antagonism with a progressive and a
   professional representation-related identity. Both the representatives
   of populist positions claimed to act directly on behalf of people's
   voiced wants and needs. These were expressed with a simplified
   linguistic register and people were cast as a homogenous group. The
   other two positions projected images of more knowledgeable audiences,
   either competent in institutional politics or leading force in political
   change. We discussed how political representation is implemented at
   different discursive levels and permeates the fabric of political talk.}},
Publisher = {{FABRIZIO SERRA EDITORE}},
Address = {{PO BOX  NO,1, SUCC NO. 8, PISA, I-56123, ITALY}},
Type = {{Article}},
Language = {{English}},
Affiliation = {{Urbani, A (Corresponding Author), Univ Portsmouth, Fac Sci, Dept Psychol, King Henry Bldg,King Henry 1st St, Portsmouth PO1 2DY, Hants, England.
   Urbani, Alberto; Fasulo, Alessandra, Univ Portsmouth, Portsmouth, Hants, England.}},
DOI = {{10.19272/201707702004}},
ISSN = {{1592-1328}},
EISSN = {{1724-0646}},
Keywords = {{Identity; Political Representation; Discourse; Audience; Political
   Debate}},
Research-Areas = {{Linguistics}},
Web-of-Science-Categories  = {{Linguistics}},
Author-Email = {{urbani.alberto4@gmail.com
   alessandra.fasulo@port.ac.uk}},
Cited-References = {{Arditi B, 2015, PROMISE AND PERILS OF POPULISM: GLOBAL PERSPECTIVES, P91.
   Barenreuter C, 2005, DIS APPL POL SOC CUL, V13, P189.
   Brodkin Karen, 2007, MAKING DEMOCRACY MAT.
   Cabrejas-Penuelas AB, 2015, INTERCULT PRAGMAT, V12, P515, DOI 10.1515/ip-2015-0025.
   Clayman S., 2013, HDB CONVERSATION ANA, P630.
   Clayman Steven., 2002, NEWS INTERVIEW JOURN.
   Duncan P., 2017, GUARDIAN.
   Duranti A., 1997, LINGUISTIC ANTHR.
   Eglin P, 2003, MONTREAL MASSACRE: A STORY OF MEMBERSHIP CATEGORIZATION ANALYSIS, P1.
   FELE G, 1998, PICCOLE CERIMONIE ME.
   Goffman E., 1981, FORMS TALK.
   GREENWOOD M. M, 2016, ARGUMENTATION ADVOCA, V52, P165, DOI DOI 10.1080/00028533.2016.11821868.
   Hester S, 1997, CULTURE ACTION STUDI.
   Holland D., 2001, HIST PERSON ENDURING.
   Hutchby I., 2006, MEDIA TALK CONVERSAT.
   Ilie C, 2001, J PRAGMATICS, V33, P209, DOI 10.1016/S0378-2166(99)00133-2.
   Jacobsen RR, 2016, PRAGMAT SOC, V7, P391, DOI 10.1075/ps.7.3.03jac.
   Krzyzanowski M, 2005, DIS APPL POL SOC CUL, V13, P137.
   LACLAU ERNESTO, 1994, MAKING POLITICAL IDE.
   Lepper Georgia., 2000, CATEGORIES TEXT TALK.
   Mudde C, 2004, GOV OPPOS, V39, P541, DOI 10.1111/j.1477-7053.2004.00135.x.
   Nuolijarvi P, 2011, J PRAGMATICS, V43, P572, DOI 10.1016/j.pragma.2010.01.019.
   PROSPERO M, 2004, POLITICA SOC GLOBALE.
   Sacks H., 1992, LECT CONVERSATION, V1.
   SAMPLE M. G, 2015, INT J LINGUISTICS, V7, P63.
   Scannell P., 1991, BROADCAST TALK.
   Scannell P, 2009, J COMMUN, V59, pE1, DOI 10.1111/j.1460-2466.2009.01460.x.
   SCHEGLOFF EA, 1987, SOC PSYCHOL QUART, V50, P101, DOI 10.2307/2786745.
   Schegloff EA, 2007, J PRAGMATICS, V39, P462, DOI 10.1016/j.pragma.2006.07.007.
   Stokoe E, 2012, DISCOURSE STUD, V14, P277, DOI 10.1177/1461445612441534.
   Tolson Andrew, 2001, TELEVISION TALK SHOW.
   Wodak R., 2005, NEW AGENDA CRITICAL.
   Zimmerman Don H., 1998, IDENTITIES TALK, P87.}},
Number-of-Cited-References = {{33}},
Times-Cited = {{0}},
Usage-Count-Last-180-days = {{0}},
Usage-Count-Since-2013 = {{1}},
Journal-ISO = {{Riv. Psicolinguistics Appl.}},
Doc-Delivery-Number = {{HE3PF}},
Unique-ID = {{ISI:000453269200004}},
DA = {{2021-06-22}},
}

@article{ ISI:000377450300008,
Author = {Orman, Jon and Pable, Adrian},
Title = {{Polylanguaging, integrational linguistics and contemporary
   sociolinguistic theory: a commentary on Ritzau}},
Journal = {{INTERNATIONAL JOURNAL OF BILINGUAL EDUCATION AND BILINGUALISM}},
Year = {{2016}},
Volume = {{19}},
Number = {{5}},
Pages = {{592-602}},
Month = {{SEP}},
Abstract = {{In this article, we take up and expand upon a number of issues of
   linguistic theory raised in Ursula Ritzau's recent article Learner
   language and polylanguaging: how language students' ideologies relate to
   their written language use' published in the Journal of Bilingual
   Education and Bilingualism. The present critique is informed by an
   integrational linguistic approach, from which perspective polylanguaging
   was recently discussed by one of the present authors. In the first part
   of this commentary we pinpoint and offer a critical analysis of some of
   the claims raised in Ritzau's article, providing a rationale for these
   claims from the perspective of the polylanguaging theorist and
   discussing its implications. In the second part we embark on a more
   general critique of polylanguaging and related branches of modern
   sociolinguistics by making explicit reference to an integrational
   semiology, showing that the linguistic philosophy of the former rests on
   the same mythical assumptions as the founding school they criticise
   (i.e. Saussurean structuralism). We also respond to some of the - in our
   view, inadequately grounded - criticisms that Ritzau raises in respect
   of integrational linguistics.}},
Publisher = {{ROUTLEDGE JOURNALS, TAYLOR \& FRANCIS LTD}},
Address = {{2-4 PARK SQUARE, MILTON PARK, ABINGDON OX14 4RN, OXON, ENGLAND}},
Type = {{Editorial Material}},
Language = {{English}},
Affiliation = {{Orman, J (Corresponding Author), Univ Portsmouth, Sch Languages \& Area Studies, Portsmouth, Hants, England.
   Orman, Jon, Univ Portsmouth, Sch Languages \& Area Studies, Portsmouth, Hants, England.
   Pable, Adrian, Univ Hong Kong, Sch English, Hong Kong, Hong Kong, Peoples R China.}},
DOI = {{10.1080/13670050.2015.1024606}},
ISSN = {{1367-0050}},
EISSN = {{1747-7522}},
Keywords = {{polylanguaging; polylingualism; integrational linguistics;
   integrationism; sociolinguistic theory; Roy Harris}},
Keywords-Plus = {{LANGUAGE}},
Research-Areas = {{Education \& Educational Research; Linguistics}},
Web-of-Science-Categories  = {{Education \& Educational Research; Linguistics; Language \& Linguistics}},
Author-Email = {{orman.jon@gmail.com}},
ResearcherID-Numbers = {{/A-8358-2010}},
ORCID-Numbers = {{/0000-0002-7986-4746}},
Cited-References = {{Blommaert J.M.E, 2011, WORKING PAPERS URBAN.
   Canagarajah Suresh., 2011, APPL LINGUIST REV, V2, P1.
   Creese A, 2010, MOD LANG J, V94, P103, DOI 10.1111/j.1540-4781.2009.00986.x.
   Davis Daniel R., 1997, LANG SCI, V19, P23, DOI DOI 10.1016/0388-0001(95)00024-0.
   Davis Hayley G., 2001, LANG SCI, V23, P707, DOI DOI 10.1016/S0388-0001(00)00025-5.
   DAVIS HG, 1997, LANG SCI, V19, P33, DOI DOI 10.1016/0388-0001(95)00025-9.
   Duncker D, 2011, LANG SCI, V33, P533, DOI 10.1016/j.langsci.2011.04.013.
   Harris R, 1999, LANG COMMUN, V19, P45, DOI 10.1016/S0271-5309(98)00017-2.
   Harris R., 2009, INTEGRATIONIST NOTES.
   Harris R., 1996, SIGNS LANGUAGE COMMU.
   Harris R., 1997, LINGUISTICS INSIDE O, P229.
   Harris Roy, 1998, INTRO INTEGRATIONA L.
   Harris Roy, 1981, LANGUAGE MYTH.
   Harris Roy, 1980, LANGUAGE MAKERS.
   Jacquemet M, 2005, LANG COMMUN, V25, P257, DOI 10.1016/j.langcom.2005.05.001.
   Jorgensen JN, 2008, INT J MULTILING, V5, P161, DOI 10.1080/14790710802387562.
   Love N, 2007, LANG SCI, V29, P690, DOI 10.1016/j.langsci.2007.01.008.
   Makoni S, 2014, EDUC LINGUIST, V20, P75, DOI 10.1007/978-94-007-7856-6\_5.
   Makoni SB, 2011, LANG SCI, V33, P680, DOI 10.1016/j.langsci.2011.04.020.
   Orman J, 2013, LANG SCI, V37, P90, DOI 10.1016/j.langsci.2012.12.001.
   Otsuji E, 2010, INT J MULTILING, V7, P240, DOI 10.1080/14790710903414331.
   Pable A, 2010, LANG COMMUN, V30, P109, DOI 10.1016/j.langcom.2010.01.001.
   Pable A, 2009, LANG COMMUN, V29, P152, DOI 10.1016/j.langcom.2008.12.004.
   Ritzau Ursula, 2014, INT J BILINGUAL ED B.
   Wolf George, 1998, INTEGRATIONAL INGUIS, P324.}},
Number-of-Cited-References = {{25}},
Times-Cited = {{7}},
Usage-Count-Last-180-days = {{0}},
Usage-Count-Since-2013 = {{20}},
Journal-ISO = {{Int. J. Biling. Educ. Biling.}},
Doc-Delivery-Number = {{DO0DT}},
Unique-ID = {{ISI:000377450300008}},
DA = {{2021-06-22}},
}

@article{ ISI:000356987800007,
Author = {Ali, Mansoor and Wyatt, Mark and Van Laar, Darren},
Title = {{Pakistani postgraduate students' orientations for learning English as a
   second language: A factor analytic study}},
Journal = {{SYSTEM}},
Year = {{2015}},
Volume = {{51}},
Pages = {{77-87}},
Month = {{JUL}},
Abstract = {{Given that the higher-level goals or `orientations' of second language
   learners impact their motivation to learn, they are of consequent
   interest to researchers. Once conceptualized simply as either
   `integrative' or `instrumental', these orientations are increasingly
   understood to be more complex, particularly since the L2 in question is
   often English; as a global lingua franca, English is extending its range
   of functions around the world, while also becoming `deterritorialized'.
   In contexts such as Japan and Pakistan, the latter the setting for this
   study, new orientations have recently been identified. However, research
   methods employed have not always included factor analytic techniques,
   which are particularly valuable for finding underlying structures in
   complex data. 500 postgraduates in a public university in North-Western
   Pakistan were surveyed and their responses subjected to factor analysis.
   11 factors were identified: `Education-Prestige', `Identification',
   `Receptive 12 Use for Non-Professional Purposes', `Further Study-Work
   Abroad', `Media-Instrumental', `Travel-Friendship', `Extrinsic-Ideal L2
   Self', `Business', `National Interest', `Intrinsic', `International
   Posture and Learning L2 for Local Purposes'. Findings confirm the
   newly-discovered `National Interest' orientation in this context and
   point towards the emergence of an `L2 Indigenous Integrative'
   orientation that relates to using L2 for local purposes. Theoretical,
   methodological and pedagogical implications are discussed. (C) 2015
   Elsevier Ltd. All rights reserved.}},
Publisher = {{ELSEVIER SCI LTD}},
Address = {{THE BOULEVARD, LANGFORD LANE, KIDLINGTON, OXFORD OX5 1GB, OXON, ENGLAND}},
Type = {{Article}},
Language = {{English}},
Affiliation = {{Wyatt, M (Corresponding Author), Univ Portsmouth, Sch Languages \& Area Studies, Pk Bldg,King Henry I St, Portsmouth PO1 2DZ, Hants, England.
   Ali, Mansoor; Wyatt, Mark, Univ Portsmouth, Sch Languages \& Area Studies, Portsmouth PO1 2DZ, Hants, England.
   Van Laar, Darren, Univ Portsmouth, Dept Psychol, Portsmouth PO1 2DZ, Hants, England.}},
DOI = {{10.1016/j.system.2015.04.013}},
ISSN = {{0346-251X}},
EISSN = {{1879-3282}},
Keywords = {{L2 orientations; Factor analysis; English as a lingua franca; Pakistan}},
Keywords-Plus = {{MOTIVATIONAL-ORIENTATIONS; LANGUAGE; SELF; WILLINGNESS; COMMUNICATE;
   ATTITUDES; VARIABLES; CULTURE}},
Research-Areas = {{Education \& Educational Research; Linguistics}},
Web-of-Science-Categories  = {{Education \& Educational Research; Linguistics}},
Author-Email = {{mansour.ali@port.ac.uk
   Mark.Wyatt@port.ac.uk
   Darren.Van.Laar@port.ac.uk}},
ResearcherID-Numbers = {{Wyatt, Mark/D-5853-2018
   }},
ORCID-Numbers = {{Wyatt, Mark/0000-0002-0525-3950
   Wyatt, Mark/0000-0001-8647-8280
   Van Laar, Darren/0000-0002-4424-0124}},
Cited-References = {{Akram M., 2007, LANGUAGE INDIA, V7.
   Al-Tamimi A, 2009, GEMA ONLINE J LANG S, V9, P29.
   Alptekin C., 2002, ELT J, V56, P57.
   Belmechri F, 1998, LANG LEARN, V48, P219, DOI 10.1111/1467-9922.00040.
   Bradford A, 2007, RELC J, V38, P302, DOI 10.1177/0033688207085849.
   British Council, 2009, PAK NEXT GEN.
   Carreira JM, 2012, SYSTEM, V40, P191, DOI 10.1016/j.system.2012.02.001.
   Chen JF, 2005, TESOL QUART, V39, P609, DOI 10.2307/3588524.
   CLEMENT R, 1994, LANG LEARN, V44, P417, DOI 10.1111/j.1467-1770.1994.tb01113.x.
   CLEMENT R, 1983, LANG LEARN, V33, P273, DOI 10.1111/j.1467-1770.1983.tb00542.x.
   Coetzee-Van Rooy S., 2006, WORLD ENGLISH, V25, P437.
   Cohen L., 2011, RES METHODS ED, V7.
   Crystal D, 2003, ENGLISH GLOBAL LANGU.
   Csizer K, 2005, MOD LANG J, V89, P19, DOI 10.1111/j.0026-7902.2005.00263.x.
   Csizer K, 2009, SECOND LANG ACQUIS, P98.
   Dornyei Z, 2003, LANG LEARN, V53, P3, DOI 10.1111/1467-9922.53222.
   DORNYEI Z, 1990, LANG LEARN, V40, P45, DOI 10.1111/j.1467-1770.1990.tb00954.x.
   Dornyei Z., 2010, QUESTIONNAIRES 2 LAN, V2nd ed.
   Dornyei Z., 2011, TEACHING RES MOTIVAT.
   Dornyei Z., 2005, PSYCHOL LANGUAGE LEA.
   Dornyei Z., 2007, RES METHODS APPL LIN.
   Field A., 2009, DISCOVERING STAT USI, V3rd.
   Gardner R.C., 1985, SOCIAL PSYCHOL 2 LAN.
   Gardner R. C., 2005, CAN ASS APPL LING CA.
   GARDNER RC, 1959, CAN J PSYCHOLOGY, V13, P266, DOI 10.1037/h0083787.
   GARDNER RC, 1972, ATTITUDES MOTIVATION.
   Gardner Robert C., 2001, MOTIVATION 2 LANGUAG, P1.
   Gonzales R. D., 2010, TESOL J, V3, P3.
   Islam M., 2013, THESIS U LEEDS LEEDS.
   Islam M, 2013, SYSTEM, V41, P231, DOI 10.1016/j.system.2013.01.025.
   Jenkins J, 2006, TESOL QUART, V40, P157, DOI 10.2307/40264515.
   Kimura Yuzo, 2001, JALT J, V23, P47, DOI {[}10.37546/JALTJJ23.1-3, DOI 10.37546/JALTJJ23.1-3].
   Koul R, 2009, J VOCAT EDUC TRAIN, V61, P307, DOI 10.1080/13636820903052526.
   Lamb Martin, 2004, SYSTEM, V32, P3, DOI DOI 10.1016/J.SYSTEM.2003.04.002.
   Mahboob A, 2009, WORLD ENGLISH, V28, P175, DOI 10.1111/j.1467-971X.2009.01583.x.
   Mansoor S., 2005, LANGUAGE PLANNING HI.
   Matsuoka R., 2006, J NURSE STUDIES NCNJ, V5, P27.
   McClell N., 2000, INDIVIDUAL DIFFERENC, P99.
   Mori S., 2006, SYSTEM, V34, P194, DOI {[}10.1016/j.system.2005.11.002, DOI 10.1016/J.SYSTEM.2005.11.002].
   Noels KA, 2000, LANG LEARN, V50, P57, DOI 10.1111/0023-8333.00111.
   Oakes L, 2013, SYSTEM, V41, P178, DOI 10.1016/j.system.2013.01.019.
   Ozkut I. E., 1991, THESIS U OTTAWA OTTA.
   Pallant J., 2013, SPSS SURVIVAL MANUAL, V5th.
   Pathan H., 2010, ELF ANN RES J, V12, P75.
   Rahman T., 2002, LANGUAGE IDEOLOGY PO.
   Robson C., 2002, REAL WORLD RES RESOU, V2nd ed..
   Ryan S., 2008, THESIS U NOTTINGHAM.
   Saraceni M., 2008, ENGL TODAY, V94, P20.
   Saraceni M., 2010, RELOCATION ENGLISH S.
   Schmidt R, 1996, LANGUAGE LEARNING MO, P9, DOI DOI 10.1111/J.1944-9720.1996.TB02330.X.
   Semmar Y., 2006, J LANGUAGE LEARNING, V5.
   Shahbaz M, 2012, PORTA LINGUARUM, P115.
   Shahriar A., 2011, INT J ACAD RES BUSIN, V1.
   Shamim F., 2011, DREAMS REALITIES DEV, P291.
   Spicer J, 2005, MAKING SENSE MULTIVA.
   Stevens J.P., 2009, APPL MULTIVARIATE ST, V5.
   Tabachnick B.G., 2013, USING MULTIVARIATE S, V6th ed..
   Tabachnick B.G., 2007, USING MULTIVARIATE S, V5.
   Ushioda E, 2009, SECOND LANG ACQUIS, P1.
   Wang F, 2008, N AM J PSYCHOL, V10, P633.
   Warden CA, 2000, FOREIGN LANG ANN, V33, P535, DOI 10.1111/j.1944-9720.2000.tb01997.x.
   Waseem Filza, 2013, INT J HUMANITIES SOC, V3.
   Yashima T, 2004, LANG LEARN, V54, P119, DOI 10.1111/j.1467-9922.2004.00250.x.
   Yashima T, 2002, MOD LANG J, V86, P54, DOI 10.1111/1540-4781.00136.
   Yashima T, 2009, SECOND LANG ACQUIS, P144.
   Yashima Tomoko, 2000, JACET B, V31, P121.}},
Number-of-Cited-References = {{66}},
Times-Cited = {{4}},
Usage-Count-Last-180-days = {{0}},
Usage-Count-Since-2013 = {{39}},
Journal-ISO = {{System}},
Doc-Delivery-Number = {{CL5GM}},
Unique-ID = {{ISI:000356987800007}},
DA = {{2021-06-22}},
}

@article{ ISI:000352868100002,
Author = {Roy, Debopriyo and Crabbe, Stephen},
Title = {{Website analysis in an EFL context: content comprehension, perceptions
   on web usability and awareness of reading strategies}},
Journal = {{RECALL}},
Year = {{2015}},
Volume = {{27}},
Number = {{2}},
Pages = {{131-155}},
Month = {{MAY}},
Abstract = {{Website analysis is an interdisciplinary field of inquiry that focuses
   on both digital literacy and language competence (Brugger, 2009).
   Website analysis in an EFL learning context has the potential to
   facilitate logical thinking and in the process develop functional
   language proficiency. This study reported on an English language website
   (http://www.travelbelize.org/) analysis experiment carried out for three
   weeks as an in-class and homework activity in a third year (junior)
   level English as a Foreign Language (EFL) course at a Japanese technical
   university. The purpose was to explore EFL learners' ability to analyze
   an English language website and produce concrete design responses in
   English. During the first week of the analysis (involving sixteen
   students selected due to performing the best during earlier in-class
   website analysis activities on the course), participants produced their
   own responses to eight open-ended design questions about the website.
   The second week of the analysis (involving all 59 students on the
   course) tested the students' ability to search for information from the
   website, and recorded their impressions about the website design based
   on standard usability questionnaires (CSUQ, QUIS, and MPRC). The third
   week of the analysis had the 59 students self-report on their use of
   meta-cognitive reading strategies (MARSI 1.0 Questionnaire) during the
   website analysis. The results of the questionnaires showed that,
   overall, the EFL students had a basic understanding of major design
   questions related to information organization, screen interface design,
   audience, technology used, etc. However, there was statistically
   significant variability between responses in different groups
   (comprehensive evaluation, webpage design, terminology and website
   information and website capabilities) and the respondents were not
   unanimous in their impressions about the website. The result of the
   student self-reports on metacognitive reading strategies showed wide
   acceptability and use of problem-solving strategies.}},
Publisher = {{CAMBRIDGE UNIV PRESS}},
Address = {{EDINBURGH BLDG, SHAFTESBURY RD, CB2 8RU CAMBRIDGE, ENGLAND}},
Type = {{Article}},
Language = {{English}},
Affiliation = {{Roy, D (Corresponding Author), Univ Aizu, Aizu Wakamatsu, Fukushima, Japan.
   Roy, Debopriyo, Univ Aizu, Aizu Wakamatsu, Fukushima, Japan.
   Crabbe, Stephen, Univ Portsmouth, Portsmouth PO1 2UP, Hants, England.}},
DOI = {{10.1017/S095834401400024X}},
ISSN = {{0958-3440}},
EISSN = {{1474-0109}},
Keywords = {{Website analysis; design; EFL; computer-assisted language learning
   (CALL)}},
Keywords-Plus = {{HEADINGS; KNOWLEDGE}},
Research-Areas = {{Education \& Educational Research; Linguistics}},
Web-of-Science-Categories  = {{Education \& Educational Research; Linguistics; Language \& Linguistics}},
Author-Email = {{droy@u-aizu.ac.jp
   stephen.crabbe@port.ac.uk}},
Cited-References = {{Abeleto, 2002, AB OBJ EV WEBS.
   ATHERTON JS, 2002, LEARNING TEACHING DE.
   Benedek J., 2002, P UPA 2002 C ORL FL.
   BLOCK E, 1986, TESOL QUART, V20, P463, DOI 10.2307/3586295.
   Brown A. L., 1978, ADV INSTRUCTIONAL PS, V1, P77.
   Brown A. L., 1994, EDUC RESEARCHER, V23, P4, DOI {[}10.3102/0013189X023008004, DOI 10.3102/0013189X023008004].
   Brugger N, 2009, NEW MEDIA SOC, V11, P115, DOI 10.1177/1461444808099574.
   Bunz U., 2001, NAT COMM ASS CONV AT.
   CARRELL PL, 1983, LANG LEARN, V33, P183, DOI 10.1111/j.1467-1770.1983.tb00534.x.
   Chen-Hsiang Yu, 2010, P CHI 2010 APR 10 15.
   Chun D. M., 2001, Computer Assisted Language Learning, V14, P367, DOI 10.1076/call.14.5.367.5775.
   Chuo T. W. I., 2007, TESL EJ, V11, P1.
   Churchill N., 2008, P INT C INF COMM TEC, P418.
   Collins A., 1989, KNOWING LEARNING INS, P453, DOI {[}DOI 10.4324/9781315044408-14, DOI 10.5840/THINKING19888129].
   Dalal NP, 2000, INFORM PROCESS MANAG, V36, P607, DOI 10.1016/S0306-4573(99)00071-0.
   Davern M. J., 2000, 21 INT C INF SYST BR.
   Day R., 1998, EXTENSIVE READING 2.
   Dhieb-Henia N, 2003, ENGL SPECIF PURP, V22, P387, DOI 10.1016/S0889-4906(03)00017-6.
   Elling S., 2012, J BUSINESS TECHNICAL, P1.
   Ennis R. H., 1985, CORNELL CRITICAL THI, V3rd.
   GEHRKE D, 1999, P 32 HAW INT C SYST.
   Hruschka D., 2004, FIELD METHOD, V16, P184, DOI DOI 10.1177/1525822X03262663.
   Hughes J., 2004, ReCALL, V16, P85, DOI 10.1017/S0958344004000710.
   Kern V. M., 2003, Education and Information Technologies, V8, P37, DOI 10.1023/A:1023974224315.
   Kitchener K., 1981, J APPLIED DEV PSYCHO, V2, P89, DOI DOI 10.1016/0193-3973(81)90032-0.
   Kondo-Brown K., 2002, LANGUAGE TESTING, V19, P3, DOI {[}10.1191/0265532202lt218oa, DOI 10.1191/0265532202LT2180A].
   Lee K.-W., 2000, INTERNET TESL J, V6.
   Liaw SS, 2007, COMPUT HUM BEHAV, V23, P399, DOI 10.1016/j.chb.2004.10.018.
   Lindgaard G, 2003, INTERACT COMPUT, V15, P429, DOI 10.1016/S0953-5438(03)00063-2.
   Lomicka L., 1998, LANGUAGE LEARNING TE, V1, P41.
   Lu MT, 1998, INTERNET RES, V8, P166, DOI 10.1108/10662249810211638.
   Meurant R. C, 2008, INT J HYBRID INFORM, V1, P1.
   Mokhtari K, 2002, J EDUC PSYCHOL, V94, P249, DOI 10.1037//0022-0663.94.2.249.
   MURRAY DE, 2004, USING WEB SUPPORT LA.
   Murray DE, 2006, LANG TEACH RES, V10, P131, DOI 10.1191/1362168806lr189oa.
   Nielsen J., 2000, DESIGNING WEB USABIL.
   Norman D., 2013, DESIGN EVERYDAY THIN.
   O'Malley J.M., 1990, LEARNING STRATEGIES.
   Rasmussen J, 1988, ADV MAN MACHINE SYST, V4, P165.
   Rosenfeld L., 2002, INFORM ARCHITECTURE.
   Roy D., 2012, COMPUT ASSIST LANG L, V25, P1.
   Roy D., 2013, INT J DESIGN ED, V6, P1.
   Sanchez RP, 2001, CONTEMP EDUC PSYCHOL, V26, P418, DOI 10.1006/ceps.2000.1056.
   Scaife M, 1996, INT J HUM-COMPUT ST, V45, P185, DOI 10.1006/ijhc.1996.0048.
   Sheorey R., 2001, SYSTEM, V29, P431, DOI 10.1016/S0346-251X(01)00039-2.
   SPYRIDAKIS JH, 1989, J TECH WRIT COMMUN, V19, P227, DOI 10.2190/UA49-PQ9K-H1MN-DYK9.
   SPYRIDAKIS JH, 1986, J TECH WRIT COMMUN, V16, P343, DOI 10.2190/EJTB-98T6-T66W-4NTA.
   Stetson, 2004, US PROF ASS UPA 2004.
   Surber JR, 2007, CONTEMP EDUC PSYCHOL, V32, P485, DOI 10.1016/j.cedpsych.2006.08.002.
   Turvey M. T., 1995, SCI MIND 2001, P144.
   Van der Geest T, 2000, TECH COMMUN, V47, P301.
   VanHoosier-Carey G., 1997, Computers and Composition, V14, P395, DOI 10.1016/S8755-4615(97)90008-6.
   Warschauer M, 1997, MOD LANG J, V81, P470, DOI 10.2307/328890.
   Watson G., 2002, WATSON GLASER CRITIC.
   Yamashita Junko, 2004, READING FOREIGN LANG, V16.
   Yeung AS, 1998, CONTEMP EDUC PSYCHOL, V23, P1, DOI 10.1006/ceps.1997.0951.}},
Number-of-Cited-References = {{56}},
Times-Cited = {{2}},
Usage-Count-Last-180-days = {{0}},
Usage-Count-Since-2013 = {{62}},
Journal-ISO = {{ReCALL}},
Doc-Delivery-Number = {{CF9FE}},
Unique-ID = {{ISI:000352868100002}},
DA = {{2021-06-22}},
}

@article{ ISI:000327699600001,
Author = {McGurk, Rhona and Kneebone, Ian I.},
Title = {{The problems faced by informal carers to people with aphasia after
   stroke: A literature review}},
Journal = {{APHASIOLOGY}},
Year = {{2013}},
Volume = {{27}},
Number = {{7}},
Pages = {{765-783}},
Month = {{JUL 1}},
Abstract = {{Background: In addition to other stroke related impairments, up to 12\%
   of those who survive stroke have ongoing problems with aphasia. Research
   suggests that informal carers to those with aphasia after stroke
   experience a greater overall burden of care than those who care for
   stroke survivors without aphasia. One of the keys to understanding this
   is a clear appreciation of the problems faced by carers of stroke
   survivors with aphasia. Aims: Via review of the literature to identify
   the problems faced by informal carers to those having aphasia after
   stroke. Methods \& procedures: Studies listed in AMED, CINAHL, EMBASE,
   MEDLINE, and PsycINFO databases were searched for articles published up
   until 10(th) June 2012, using specified search terms. Reference lists of
   papers obtained were hand-searched. The studies were rated according to
   the appropriateness of the study design and the quality with which the
   research was executed. The results of studies of higher quality were
   given greater weighting. Outcomes \& Results: Fourteen studies were
   found that complied with the study criteria. The majority of research
   was cross-sectional. There was a balance of qualitative and quantitative
   studies. There were methodological problems with all of the studies.
   Seven studies were rated as low quality and the remainder were rated as
   moderate quality. It was established that there is reasonable evidence
   to suggest that informal carers to people with aphasia after stroke
   commonly experience problems in the following areas: role changes/new
   responsibilities, difficulties with social and leisure activities,
   communication difficulties with the stroke survivor, employment and
   financial problems, problems in dealing with health professionals,
   relationship difficulties with the stroke survivor, difficulties in
   family relationships, lack of support or respite, managing difficult
   behaviours in the stroke survivor, physical health problems/fatigue, and
   emotional health problems. Conclusions: This paper provides an update
   and improvement upon a previous review of the literature in this subject
   area. There is a lack of longitudinal research and therefore little is
   known about how the problems experienced by informal carers of stroke
   survivors with aphasia change over time. Carer gender and carers'
   perception of the self-care deficits of the stroke survivor emerge as
   potentially significant covariables requiring further investigation.
   Clinical implications of the findings and limitations are discussed.}},
Publisher = {{ROUTLEDGE JOURNALS, TAYLOR \& FRANCIS LTD}},
Address = {{4 PARK SQUARE, MILTON PARK, ABINGDON OX14 4RN, OXFORDSHIRE, ENGLAND}},
Type = {{Review}},
Language = {{English}},
Affiliation = {{McGurk, R (Corresponding Author), St James Hosp, Locksway Rd, Portsmouth PO4 8LD, Hants, England.
   McGurk, Rhona, St James Hosp, Portsmouth PO4 8LD, Hants, England.
   McGurk, Rhona, Univ Southampton, Sch Psychol, DClin Psych Programme, Southampton SO9 5NH, Hants, England.
   Kneebone, Ian I., Univ Western Sydney, Sch Social Sci \& Psychol, Bankstown, NSW, Australia.
   Kneebone, Ian I., Virgin Care, Dept Psychol, Haslemere, England.
   Kneebone, Ian I., Dist Community Hosp, Haslemere, Surrey, England.}},
DOI = {{10.1080/02687038.2013.772292}},
ISSN = {{0268-7038}},
EISSN = {{1464-5041}},
Keywords = {{Caregivers; Stroke; Aphasia}},
Keywords-Plus = {{SPOUSES; IMPACT; SURVIVORS; REHABILITATION; ADJUSTMENT; FAMILIES; NEEDS;
   CONSEQUENCES; DEPRESSION; ATTITUDES}},
Research-Areas = {{Audiology \& Speech-Language Pathology; Linguistics; Neurosciences \&
   Neurology; Rehabilitation}},
Web-of-Science-Categories  = {{Audiology \& Speech-Language Pathology; Linguistics; Clinical Neurology;
   Rehabilitation}},
Author-Email = {{rhona.mcgurk@nhs.net}},
ORCID-Numbers = {{Kneebone, Ian/0000-0003-3324-7264}},
Cited-References = {{ALASZEWSKI H, 2003, LIFE STROKE RECONSTR.
   American Association for Public Opinion Research, 2000, STAND DEF FIN DISP C.
   ANDERSON CS, 1995, STROKE, V26, P843, DOI 10.1161/01.STR.26.5.843.
   Artes R., 1976, RECOVERY APHASICS, P383.
   Bakas T, 2006, REHABIL NURS, V31, P33, DOI 10.1002/j.2048-7940.2006.tb00008.x.
   Bakas T, 1999, NURS RES, V48, P250, DOI 10.1097/00006199-199909000-00005.
   Bakas Tamilyn, 2004, J Neurosci Nurs, V36, P95.
   Bowling J. H., 1977, AUSTR J HUMAN COMMUN, V5, P29.
   BROCKLEHURST JC, 1981, SOC SCI MED-MED SOC, V15, P35, DOI 10.1016/0271-7123(81)90043-2.
   Burton CAC, 2013, INT J STROKE, V8, P545, DOI 10.1111/j.1747-4949.2012.00906.x.
   CARERS UK, 2002, US CALCULATING VALUE.
   Carey P J, 1991, Oncol Nurs Forum, V18, P1341.
   CHRISTENSEN JM, 1989, J COMMUN DISORD, V22, P225, DOI 10.1016/0021-9924(89)90018-X.
   Denman A, 1998, DISABIL REHABIL, V20, P411, DOI 10.3109/09638289809166103.
   Fox N., 2007, SAMPLING SAMPLE SIZE.
   GLASS TA, 1993, STROKE, V24, P64, DOI 10.1161/01.STR.24.1.64.
   Goldberg D., 1978, MANUAL GEN HLTH QUES.
   Gough D, 2007, RES PAPERS ED, V22, P213, DOI {[}DOI 10.1080/02671520701296189, 10.1080/02671520701296189].
   Hackett ML, 2005, STROKE, V36, P1330, DOI 10.1161/01.STR.0000165928.19135.35.
   Henschen S. E, 1920, LIVING APHASIA PSYCH.
   HERRMANN M, 1989, APHASIOLOGY, V3, P513, DOI 10.1080/02687038908249019.
   HERRMANN M, 1995, TOP STROKE REHABIL, V2, P5.
   Kauhanen ML, 2000, CEREBROVASC DIS, V10, P455, DOI 10.1159/000016107.
   King R. B., 1995, TOP STROKE REHABIL, V2, P20.
   KINSELLA GJ, 1979, SCAND J REHABIL MED, V11, P129.
   Kneebone I., 2012, NEUROSCIENCE MED, V03, P83, DOI {[}DOI 10.4236/NM.2012.31013, https://doi.org/10.4236/nm.2012.31013, DOI 10.4236/nm.2012.31013].
   LEDORZE G, 1995, APHASIOLOGY, V9, P239.
   Low JTS, 1999, SOC SCI MED, V49, P711, DOI 10.1016/S0277-9536(99)00194-X.
   MALONE RL, 1970, BRIT J DISORD COMMUN, V5, P174.
   MALONE RL, 1969, J SPEECH HEAR DISORD, V34, P146, DOI 10.1044/jshd.3402.146.
   Mant J., 2004, HLTH CARE NEEDS ASSE, V1, P141.
   McGurk R, 2011, APHASIOLOGY, V25, P1507, DOI 10.1080/02687038.2011.599528.
   Michallet B, 2003, APHASIOLOGY, V17, P835, DOI 10.1080/02687030344000238.
   Michallet B, 2001, APHASIOLOGY, V15, P731, DOI 10.1080/02687040143000087.
   MULHALL DJ, 1978, BRIT J DISORD COMMUN, V13, P127.
   Mykata L. J., 1976, AGE AGEING, V5, P87.
   Oddy M, 1999, APHASIOLOGY, V13, P907, DOI 10.1080/026870399401669.
   PEARLIN LI, 1990, GERONTOLOGIST, V30, P583, DOI 10.1093/geront/30.5.583.
   Pringle Jan, 2010, Br J Community Nurs, V15, P241.
   Rau M. T., 1991, FAMILY CARE GIVING C, P129.
   ROSS S, 1988, INT J REHABIL RES, V11, P383, DOI 10.1097/00004356-198812000-00008.
   Salonen T, 1995, TOP STROKE REHABIL, V2, P72.
   SARNO MT, 1993, APHASIOLOGY, V7, P321, DOI 10.1080/02687039308249514.
   SCHULZ R, 1988, PSYCHOL AGING, V3, P131, DOI 10.1037/0882-7974.3.2.131.
   Servaes P, 1999, APHASIOLOGY, V13, P889, DOI 10.1080/026870399401632.
   TERI L, 1992, PSYCHOL AGING, V7, P622, DOI 10.1037/0882-7974.7.4.622.
   Turnblom M, 1952, J SPEECH HEAR DISORD, V17, P393, DOI 10.1044/jshd.1704.393.
   Visser-Meily A, 2006, DISABIL REHABIL, V28, P1557, DOI 10.1080/09638280600648215.
   Visser-Meily A, 2009, STROKE, V40, P1399, DOI 10.1161/STROKEAHA.108.516682.
   WADE DT, 1986, BRIT MED J, V293, P418, DOI 10.1136/bmj.293.6544.418.
   Webster E. J, 1980, CLIN APHASIOLOGY C P.
   WILLIAMS SE, 1993, ARCH PHYS MED REHAB, V74, P361.
   WILLIAMS SE, 1986, ARCH PHYS MED REHAB, V67, P250.}},
Number-of-Cited-References = {{53}},
Times-Cited = {{16}},
Usage-Count-Last-180-days = {{0}},
Usage-Count-Since-2013 = {{25}},
Journal-ISO = {{Aphasiology}},
Doc-Delivery-Number = {{261YB}},
Unique-ID = {{ISI:000327699600001}},
DA = {{2021-06-22}},
}

@article{ ISI:000308033900011,
Author = {Rau, Petra},
Title = {{Memory and Political Change}},
Journal = {{EUROPEAN JOURNAL OF ENGLISH STUDIES}},
Year = {{2012}},
Volume = {{16}},
Number = {{2, SI}},
Pages = {{184-186}},
Publisher = {{ROUTLEDGE JOURNALS, TAYLOR \& FRANCIS LTD}},
Address = {{4 PARK SQUARE, MILTON PARK, ABINGDON OX14 4RN, OXFORDSHIRE, ENGLAND}},
Type = {{Book Review}},
Language = {{English}},
Affiliation = {{Rau, P (Corresponding Author), Univ Portsmouth, Portsmouth PO1 2UP, Hants, England.
   Rau, Petra, Univ Portsmouth, Portsmouth PO1 2UP, Hants, England.}},
DOI = {{10.1080/13825577.2012.697332}},
ISSN = {{1382-5577}},
Research-Areas = {{Cultural Studies; Linguistics; Literature}},
Web-of-Science-Categories  = {{Cultural Studies; Linguistics; Language \& Linguistics; Literature}},
Cited-References = {{Assmann A, 2012, PALG MACMIL MEMORY, P1.
   TODOROV T, 2003, HOPE MEMORY.}},
Number-of-Cited-References = {{2}},
Times-Cited = {{0}},
Usage-Count-Last-180-days = {{0}},
Usage-Count-Since-2013 = {{1}},
Journal-ISO = {{Eur. J. Engl. Stud.}},
Doc-Delivery-Number = {{995SU}},
Unique-ID = {{ISI:000308033900011}},
DA = {{2021-06-22}},
}

@article{ ISI:000294990200006,
Author = {Wyatt, Mark},
Title = {{Teachers researching their own practice}},
Journal = {{ELT JOURNAL}},
Year = {{2011}},
Volume = {{65}},
Number = {{4}},
Pages = {{417-425}},
Month = {{OCT}},
Abstract = {{Unfortunately, despite encouragement from the literature, it seems that
   many teachers only rarely engage in action research. For this to change,
   further support may be required from in-service language teacher
   education courses that include an action research component. In this
   paper, I report on one such course: an in-service Bachelor of Arts TESOL
   run by a British university for the local Ministry of Education in a
   Middle Eastern country. Using qualitative case study methodology, I
   identify the achievements of four teachers who engaged in action
   research as part of their studies on this course and draw on their own
   words as they reflect on the benefits of researching their own practice.
   Conclusions focus on elements of the programme that may have helped
   them.}},
Publisher = {{OXFORD UNIV PRESS}},
Address = {{GREAT CLARENDON ST, OXFORD OX2 6DP, ENGLAND}},
Type = {{Article}},
Language = {{English}},
Affiliation = {{Wyatt, M (Corresponding Author), Univ Portsmouth, Portsmouth PO1 2UP, Hants, England.
   Wyatt, Mark, Univ Leeds, BA TESOL Project Oman, Leeds LS2 9JT, W Yorkshire, England.}},
DOI = {{10.1093/elt/ccq074}},
ISSN = {{0951-0893}},
Research-Areas = {{Education \& Educational Research; Linguistics}},
Web-of-Science-Categories  = {{Education \& Educational Research; Linguistics; Language \& Linguistics}},
Author-Email = {{Mark.Wyatt@port.ac.uk}},
ResearcherID-Numbers = {{Wyatt, Mark/D-5853-2018
   }},
ORCID-Numbers = {{Wyatt, Mark/0000-0002-0525-3950
   Wyatt, Mark/0000-0001-8647-8280}},
Cited-References = {{Atay D., 2008, ELT J, V62, P139.
   Atkins J., 2009, INT COLLABORATION ED.
   Borg S, 1998, TESOL QUART, V32, P9, DOI 10.2307/3587900.
   BORG S, 2009, UNDERSTANDING ENGLIS.
   Borg S., 2009, RES ENGLISH LANGUAGE.
   Borg S, 2009, APPL LINGUIST, V30, P358, DOI 10.1093/applin/amp007.
   Burns A., 1999, COLLABORATIVE ACTION.
   Cohen L., 2007, RES METHODS ED, V6th ed..
   Henson RK, 2001, TEACH TEACH EDUC, V17, P819, DOI 10.1016/S0742-051X(01)00033-6.
   Kirkwood M, 2006, BRIT J EDUC STUD, V54, P429, DOI 10.1111/j.1467-8527.2006.00355.x.
   Kvale S., 2008, INTERVIEWS LEARNING, V2nd ed.
   Stake R.E., 2006, MULTIPLE CASE STUDY.
   STEINBERG SR, 1998, STUDENTS RES CREATIN.
   Wyatt M, 2008, THESIS U LEEDS UK.
   Wyatt M, 2010, SYSTEM, V38, P603, DOI 10.1016/j.system.2010.09.012.}},
Number-of-Cited-References = {{15}},
Times-Cited = {{34}},
Usage-Count-Last-180-days = {{0}},
Usage-Count-Since-2013 = {{21}},
Journal-ISO = {{ELT J.}},
Doc-Delivery-Number = {{821QT}},
Unique-ID = {{ISI:000294990200006}},
DA = {{2021-06-22}},
}

@article{ ISI:000287260400005,
Author = {Smith, Clare and Gibbard, Deborah},
Title = {{Baby talk home visits: Development and initial evaluations of a primary
   prevention service}},
Journal = {{CHILD LANGUAGE TEACHING \& THERAPY}},
Year = {{2011}},
Volume = {{27}},
Number = {{1}},
Pages = {{68-83}},
Month = {{FEB}},
Abstract = {{Language delay is a common developmental difficulty. Research indicates
   that it is influenced by environmental factors, particularly social
   deprivation, but that a parent's interaction protects children's
   language development against these factors. It is hypothesized that by
   supporting parents' interaction, language development may be
   facilitated. This study aims to evaluate a preventative intervention for
   language delay. The Babytalk Home Visiting (BTHV) service was developed
   and delivered in Portsmouth, UK from 2003 to 2007. Two separate
   evaluations of the BTHV service were carried out, the first using parent
   questionnaires and the second using a comparative evaluation of parent
   ideas and child-language outcomes. In the first evaluation parents
   indicated that they valued the information given in the BTHV service,
   and 72.5\% stated they would change their communication behaviour
   according to advice given. In the second evaluation, parents who
   reported receiving the BTHV service gave a significantly greater number
   of ideas on how to encourage language development, and reported a
   significantly higher child word count than parents who had not. The
   results of these evaluations suggest that this preventative initiative
   may be beneficial; however, limitations of the evaluation findings are
   discussed, and it is concluded that controlled comparative research is
   required to establish the effectiveness of such approaches.}},
Publisher = {{SAGE PUBLICATIONS LTD}},
Address = {{1 OLIVERS YARD, 55 CITY ROAD, LONDON EC1Y 1SP, ENGLAND}},
Type = {{Article}},
Language = {{English}},
Affiliation = {{Smith, C (Corresponding Author), Battenburg Ave Clin, Battenburg Ave, Portsmouth PO2 0TA, Hants, England.
   Smith, Clare; Gibbard, Deborah, Solent Healthcare, Speech \& Language Therapy Serv, Portsmouth, Hants, England.}},
DOI = {{10.1177/0265659010372186}},
ISSN = {{0265-6590}},
EISSN = {{1477-0865}},
Keywords = {{health promotion; language development; language delay; public health;
   socio-economic status}},
Keywords-Plus = {{LANGUAGE}},
Research-Areas = {{Education \& Educational Research; Linguistics}},
Web-of-Science-Categories  = {{Education, Special; Linguistics; Language \& Linguistics}},
Author-Email = {{clare.smith@solent.nhs.uk}},
Cited-References = {{BLANDEN J, 2006, 31 DEP WORK PENS.
   BOYCE LK, 2004, EARLY EDUC DEV, V15, P371, DOI DOI 10.1207/s15566935eed1504\_2.
   Bryan K, 2007, INT J LANG COMM DIS, V42, P505, DOI 10.1080/13682820601053977.
   BRYANT PE, 1989, J CHILD LANG, V16, P407, DOI 10.1017/S0305000900010485.
   Butler J, 1989, CHILD HLTH SURVEILLA.
   Clegg J., 2006, LANGUAGE SOCIAL DISA, P59.
   DALE PS, 1991, J SPEECH HEAR RES, V34, P565, DOI 10.1044/jshr.3403.565.
   DCSF, 2010, SUR START CHILDR CTR.
   DUNNING DB, 1994, DEV REV, V14, P324, DOI 10.1006/drev.1994.1012.
   Enderby P., 2005, ADV SPEECH LANGUAGE, V7, P8.
   Fenson L, 2000, APPL PSYCHOLINGUIST, V21, P95, DOI 10.1017/S0142716400001053.
   GIBBARD D, 1994, EUR J DISORDER COMM, V29, P131.
   Ginsborg J., 2006, LANGUAGE SOCIAL DISA, P9.
   GLASCOE F, 1997, PEDS PARENTAL EVALUA.
   GUTMAN L, 2007, PARENTING BEHAV CHIL.
   Hall D., 1996, HLTH ALL CHILDREN RE.
   Hart B., 1995, MEANINGFUL DIFFERENC.
   Hoff E, 2002, CHILD DEV, V73, P418, DOI 10.1111/1467-8624.00415.
   Hoff-Ginsberg E., 1987, FIRST LANG, V7, P145, DOI {[}10.1177/014272378700702006, DOI 10.1177/014272378700702006].
   LAW J, 1998, SCREENING SPEECH LAN.
   LAW J, 2006, LANGUAGE SOCIAL DISA, P141.
   Law J., 2003, COCHR DATAB SYSTEM R, V3, DOI {[}DOI 10.1002/14651858.CD004110, 10.1002/14651858.CD004110].
   Locke A, 2002, INT J LANG COMM DIS, V37, P3, DOI 10.1080/13682820110089911.
   Matychuk P, 2005, LANG SCI, V27, P301, DOI 10.1016/j.langsci.2004.04.004.
   Moore M, 2003, EDUC REV, V55, P3, DOI 10.1080/00131910303250.
   MORAG S, 1998, BRIT J EDUC PSYCHOL, V68, P3.
   Qi CH, 2004, J SPEECH LANG HEAR R, V42, P561.
   Raviv T, 2004, EARLY CHILD RES Q, V19, P528, DOI 10.1016/j.ecresq.2004.10.007.
   Rescorla L, 2005, J SPEECH LANG HEAR R, V48, P459, DOI 10.1044/1092-4388(2005/031).
   Roulstone S., 2002, EARLY CHILD DEV CARE, V22, P259, DOI DOI 10.1080/03004430212126.
   Roy P., 2010, SURE START LANGUAGE.
   SCARBOROUGH HS, 1994, DEV REV, V14, P245, DOI 10.1006/drev.1994.1010.
   Stringer H, 2006, LANGUAGE SOCIAL DISA, P93.
   Sure Start Unit, 2003, REV SUR START LANG M.
   Sylva K., 2004, EFFECTIVE PROVISION.
   TamisLeMonda CS, 1996, EARLY DEV PARENTING, V5, P173, DOI 10.1002/(SICI)1099-0917(199612)5:4<173::AID-EDP131>3.0.CO;2-V.
   TOMASELLO M, 1986, CHILD DEV, V57, P1454, DOI 10.1111/j.1467-8624.1986.tb00470.x.
   Tomasello M., 1983, FIRST LANG, V4, P197, DOI DOI 10.1177/014272378300401202.
   Tomasello M., 2003, CONSTRUCTING LANGUAG.}},
Number-of-Cited-References = {{39}},
Times-Cited = {{5}},
Usage-Count-Last-180-days = {{0}},
Usage-Count-Since-2013 = {{7}},
Journal-ISO = {{Child Lang. Teach. Ther.}},
Doc-Delivery-Number = {{720DM}},
Unique-ID = {{ISI:000287260400005}},
DA = {{2021-06-22}},
}

@article{ ISI:000269365400003,
Author = {Ogiermann, Eva},
Title = {{Politeness and in-directness across cultures: A comparison of English,
   German, Polish and Russian requests}},
Journal = {{JOURNAL OF POLITENESS RESEARCH-LANGUAGE BEHAVIOUR CULTURE}},
Year = {{2009}},
Volume = {{5}},
Number = {{2}},
Pages = {{189-216}},
Abstract = {{This paper provides some (more) insights into cross-cultural variation
   in speech act realization by analyzing English, German, Polish and
   Russian requests. It aims to shows that the relationship between
   indirectness and politeness is interpreted differently across cultures.
   Hence, the analysis-focuses on the difference between direct requests,
   which have been said to play a central role in Polish and Russian, and
   conventionally indirect requests, which are the most frequent request
   type in English and German. It further shows that the examined languages
   exhibit culture-specific preferences for syntactic and lexical
   downgraders modifying the illocutionary force of the request and, thus,
   reducing the threat to the hearer face.
   The requests analyzed in this study have been elicited by means of a
   discourse completion task and constitute responses to a scenario
   frequently used in previous request studies, so that the results can be
   compared with those established for other languages. The strong
   agreement among languages on the use of conventional indirectness in
   this scenario allows for testing the restricted applicability of
   interrogative constructions claimed for the two Slavic languages.}},
Publisher = {{MOUTON DE GRUYTER}},
Address = {{GENTHINER STRASSE 13, 10785 BERLIN, GERMANY}},
Type = {{Article}},
Language = {{English}},
Affiliation = {{Ogiermann, E (Corresponding Author), Univ Portsmouth, Portsmouth PO1 2UP, Hants, England.}},
DOI = {{10.1515/JPLR.2009.011}},
ISSN = {{1612-5681}},
Keywords = {{requests; indirectness; politeness; English; German; Polish; Russian}},
Keywords-Plus = {{SPEECH-ACTS; LANGUAGE; INDIRECTNESS; ETIQUETTE}},
Research-Areas = {{Linguistics}},
Web-of-Science-Categories  = {{Linguistics; Language \& Linguistics}},
Author-Email = {{Eva.Ogiermann@port.ac.uk}},
ORCID-Numbers = {{Ogiermann, Eva/0000-0001-9830-4851}},
Cited-References = {{Aijmer K, 1996, CONVERSATIONAL ROUTI.
   ASTON G, 1995, APPL LINGUIST, V16, P57, DOI 10.1093/applin/16.1.57.
   Barron A., 2003, ACQUISITION INTERLAN.
   Barron A, 2008, STUD LANG ACQUIS, V31, P355.
   Beebe Leslie, 1996, SPEECH ACTS CULTURES, P65.
   Benacchio R, 2002, RUSS LINGUIST, V26, P149, DOI 10.1023/A:1016149316524.
   BERGELSON M, 2003, RUSSIAN CULTURAL VAL.
   BERGER T, 1998, SLAVISTISCHE LINGUIS, P29.
   BERGER T, 1997, SLAVISTISCHE LINGUIS, P9.
   BETSCH M, 2003, MEANING LANGUAGE CON, V2, P277.
   Billmyer K, 2000, APPL LINGUIST, V21, P517, DOI 10.1093/applin/21.4.517.
   Blum-Kulka S., 1989, CROSS CULTURAL PRAGM, P37.
   BLUMKULKA S, 1987, J PRAGMATICS, V11, P131, DOI 10.1016/0378-2166(87)90192-5.
   BLUMKULKA S, 2006, CROSS CULTURAL PRAGM, P1.
   Brehmer B, 2006, WELT SLAVEN, V51, P23.
   BREHMER B, 2000, BEITRAGE EUROPAISCHE, P47.
   Brown P., 1978, POLITENESS SOME UNIV.
   Byon Andrew Sangpil, 2006, J POLIT RES LANG BEH, V2, P247, DOI {[}10.1515/PR.2006.013, DOI 10.1515/PR.2006.013].
   Byon AS, 2004, J PRAGMATICS, V36, P1673, DOI 10.1016/j.pragma.2004.05.003.
   Cenoz J., 2003, EFFECTS 2 LANGUAGE 1, P62.
   Cohen A. D., 2006, INTERCULT PRAGMAT, V3, P359, DOI DOI 10.1515/IP.2006.021.
   Ermakova O. N., 1993, RUSSKII YAZYK FUNKTS, P30.
   ESCANDELLVIDAL V, 1996, LANG SCI, V18, P629.
   Eslami ZR, 2008, STUD LANG ACQUIS, V31, P301.
   Faerch C., 1989, CROSSCULTURAL PRAGMA, P221.
   Felix-Brasdefer J. C., 2007, INTERCULT PRAGMAT, V4, P253, DOI DOI 10.1515/IP.2007.013.
   FELIXBRASDEFER J, 2005, P 7 HISP LING S SOM, P66.
   FORMANOVSKAJA NI, 1982, UPOTREBLENIE RUSSKOG.
   Fukushima S., 2000, REQUESTS CULTURE POL.
   Fukushima Saeko, 1996, LANG SCI, V18, P671, DOI DOI 10.1016/S0388-0001(96)00041-1.
   Grice P, 1975, SYNTAX SEMANTICS, VIII, P41.
   Hassall T, 2003, J PRAGMATICS, V35, P1903, DOI 10.1016/S0378-2166(03)00115-2.
   Hendriks B, 2008, STUD LANG ACQUIS, V31, P335.
   House J., 2005, POLITENESS EUROPE, P13.
   House J., 1987, PERSPECTIVES LANGUAG, P1250.
   House Julian, 1981, CONVERSATIONAL ROUTI, P157.
   House Juliane, 1989, CROSS CULTURAL PRAGM, P96.
   Kasper Gabriele, 2000, CULTURALLY SPEAKING, P316.
   Krongauz MA, 2004, RUSS LINGUIST, V28, P163, DOI 10.1023/B:RUSS.0000035583.81512.f0.
   LARINA TV, 2003, KATEGORIJA VEZLIVOST.
   Leech Geoffrey, 1983, PRINCIPLES PRAGMATIC.
   Levinson S.C., 1983, PRAGMATICS.
   LIN YH, 2009, J PRAGMATIC IN PRESS.
   Lubecka Anna, 2000, REQUESTS INVITATIONS.
   Marcjanik Malgorzata, 1997, POLSKA GRZECZNOSC JE.
   Marquez Reiter Rosina, 2000, LINGUISTIC POLITENES.
   Marti L, 2006, J PRAGMATICS, V38, P1836, DOI 10.1016/j.pragma.2005.05.009.
   Miller E, 1992, CONSERVATOR, V16, P78.
   MILLS MH, 1991, SLAVIC E EUR J, V35, P553, DOI 10.2307/309251.
   Mills Sara, 2003, GENDER POLITENESS.
   Morgan J. L., 1975, SYNTAX SEMANTICS, V3, P59, DOI DOI 10.1017/CBO9780511609213.004.
   Mulken Margot van, 1996, LANG SCI, V18, P689, DOI DOI 10.1016/S0388-0001(96)00042-3.
   Nikolaeva TM, 2000, RUSS LINGUIST, V24, P183, DOI 10.1023/A:1007090712278.
   OGIERMANN E, 2007, 19 INT C FOR 2 LANG.
   Ogiermann E., 2006, STUDIES CONTRASTIVE, P707.
   Otcu B, 2008, STUD LANG ACQUIS, V31, P265.
   Pinker Steven, 2007, INTERCULT PRAGMAT, V4, P437, DOI DOI 10.1515/IP.2007.023.
   Rathmayr R., 1996, PRAGMATIK ENTSCHULDI.
   Rathmayr Renate, 1993, SLAVISTISCHE LINGUIS, P251.
   REITER RM, 2002, PRAGMATICS, V12, P135, DOI DOI 10.1075/PRAG.12.2.02MAR.
   ROSE KR, 1992, J PRAGMATICS, V17, P49, DOI 10.1016/0378-2166(92)90028-A.
   ROSE KR, 1995, LANG LEARN, V45, P191, DOI 10.1111/j.1467-1770.1995.tb00438.x.
   Schauer G., 2007, INTERCULT PRAGMAT, V4, P193, DOI DOI 10.1515/IP.2007.011.
   Schauer G., 2004, EUROSLA YB, V4, P253, DOI {[}10.1075/ eurosla. 4.12sch, DOI 10.1075/EUROSLA.4.12SCH].
   Schegloff Emanuel A., 1990, CONVERSATIONAL ORG I, P51.
   Searle J. R., 1969, SPEECH ACTS ESSAY PH, V626.
   Sifianou M., 1992, POLITENESS PHENOMENA.
   Trosborg A., 1995, INTERLANGUAGE PRAGMA.
   Warga M, 2007, LANG LEARN LANG TEAC, V16, P171.
   WARGA Muriel, 2004, PRAGMATISCHE ENTWICK.
   Watts R.J., 2003, POLITENESS.
   WIERZBICKA A, 1985, J PRAGMATICS, V9, P145, DOI 10.1016/0378-2166(85)90023-2.
   Wierzbicka Anna, 1991, CROSS CULTURAL PRAGM.
   Wierzbicka Anna, 1992, SEMANTICS CULTURE CO.
   Woodfield H, 2008, STUD LANG ACQUIS, V31, P231.
   Zemskaya EA, 1997, Z SLAV PHILOL, V56, P271.
   ZYBATOV LN, 1990, WAS PARTIKELN BEDEUT.}},
Number-of-Cited-References = {{77}},
Times-Cited = {{71}},
Usage-Count-Last-180-days = {{0}},
Usage-Count-Since-2013 = {{26}},
Journal-ISO = {{J. Politeness Res.-Lang. Beh. Cult.}},
Doc-Delivery-Number = {{488QS}},
Unique-ID = {{ISI:000269365400003}},
DA = {{2021-06-22}},
}

@article{ ISI:000269451100004,
Author = {Saraceni, Mario},
Title = {{Relocating English: towards a new paradigm for English in the world}},
Journal = {{LANGUAGE AND INTERCULTURAL COMMUNICATION}},
Year = {{2009}},
Volume = {{9}},
Number = {{3}},
Pages = {{175-186}},
Note = {{Annual Conference of the
   International-Association-of-Teachers-of-English-as-a-Foreign-Language,
   Edinburgh, SCOTLAND, SEP, 2007}},
Organization = {{Int Assoc Teachers English Foreign Language}},
Abstract = {{The worldwide spread of English has recently received much interest.
   Issues relating to the multifaceted roles of English around the world
   have been highlighted and purist positions about English challenged. In
   particular ( a) the assumption that British English is the only valid
   standard of English; and (b) the notion that the `native speaker' is the
   only model that all learners should aspire to have been put to question.
   Based on the premise that these positions are incompatible with the
   complex reality of English worldwide, the necessity of a paradigm shift
   in English language teaching ( ELT) has been advocated, whereby such
   purist tenets would have to change.
   However, the impact of academic debate on language teaching practice has
   been marginal. I argue that this state of affairs is attributable not
   only to the predilection for a monochrome form of English in the ELT
   industry and pedagogical practice, but also to shortcomings within
   academic discourse. The continued search for alternative models for ELT
   may be misleading, while a more effective response to the Anglo-American
   domination of ELT may in ensuring that classroom practice reflects more
   faithfully the process of acculturation of English that is taking place
   around the world.}},
Publisher = {{ROUTLEDGE JOURNALS, TAYLOR \& FRANCIS LTD}},
Address = {{4 PARK SQUARE, MILTON PARK, ABINGDON OX14 4RN, OXFORDSHIRE, ENGLAND}},
Type = {{Article; Proceedings Paper}},
Language = {{English}},
Affiliation = {{Saraceni, M (Corresponding Author), Univ Portsmouth, Sch Languages \& Area Studies, Portsmouth, Hants, England.
   Univ Portsmouth, Sch Languages \& Area Studies, Portsmouth, Hants, England.}},
DOI = {{10.1080/14708470902748830}},
ISSN = {{1470-8477}},
Keywords = {{acculturation; localisation; paradigm shift; relocation; world Englishes}},
Research-Areas = {{Linguistics}},
Web-of-Science-Categories  = {{Linguistics; Language \& Linguistics}},
Author-Email = {{Mario.Saraceni@port.ac.uk}},
ORCID-Numbers = {{Saraceni, Mario/0000-0001-6031-5934}},
Cited-References = {{Achebe Chinua., 1975, MORNING YET CREATION, P55.
   Ashcroft, 1989, EMPIRE WRITES BACK.
   BAMGBOSE A, 1992, OTHER TONGUE ENGLISH, P148.
   Bamgbose Ayo., 2001, WORLD ENGLISH, V20, P357.
   Bhatt RM, 2001, ANNU REV ANTHROPOL, V30, P527, DOI 10.1146/annurev.anthro.30.1.527.
   Bolton K., 2005, WORLD ENGLISH, V24, DOI {[}10.1111/j.0883-2919.2005.00388.x, DOI 10.1111/J.0883-2919.2005.00388.X].
   Bolton K., 2004, HDB APPL LINGUISTICS, P367.
   Brown A., 1999, SINGAPORE ENGLISH NU.
   Brutt-Griffler J., 2002, WORLD ENGLISH STUDY.
   Canagarajah S, 2007, MOD LANG J, V91, P923, DOI 10.1111/j.1540-4781.2007.00678.x.
   Das Kamala, 1965, SUMMER CALCUTTA.
   Graddol D., 2006, ENGLISH NEXT.
   Gupta A.F., 2006, ENGLISH WORLD GLOBAL, P95.
   Harris R., 2001, SEMIOTICS LINGUISTIC, P118.
   Hudson R.A., 1996, SOCIOLINGUISTICS.
   Jenkins J, 2007, ENGLISH LINGUA FRANC.
   JENKINS J, 2000, PHONOLOGY ENGLISH IN.
   JENKINS J, 2003, POLITICS ENGLISH WOR, P139.
   Jenkins Jennifer, 2003, WORLD ENGLISHES.
   KACHRU B, 1996, LANGUAGE TEACHER ONL, V20.
   Kachru B., 2005, ASIAN ENGLISHES CANO.
   Kachru B. B., 1996, SOCIOLINGUISTICS LAN, P71, DOI DOI 10.1017/CBO9780511551185.006.
   Kachru B. B., 1992, OTHER TONGUE ENGLISH, P355.
   Kachru B. Braj, 1991, ENGL TODAY, V7, P3, DOI {[}10.1017/S026607840000523X, DOI 10.1017/S026607840000523X].
   KACHRU BB, 1988, ENGL TODAY, V4, P3, DOI DOI 10.1017/S0266078400000973.
   Kachru Braj, 1985, ENGLISH WORLD TEACHI, P11.
   Kachru Braj B., 1990, ALCHEMY ENGLISH SPRE.
   Kirkpatrick A., 2007, WORLD ENGLISHES IMPL.
   Kirkpatrick A., 2006, ENGLISH WORLD GLOBAL, P71.
   Kuhn T.S., 1962, STRUCTURE SCI REVOLU.
   Kumaravadivelu B., 2003, WORLD ENGLISH, V22, DOI {[}https://doi.org/10.1111/j.1467-971X.2003.00317.x, DOI 10.1111/J.1467-971X.2003.00317.X].
   MATSUDA A, 2002, WORLD ENGLISH, V21, P420.
   MCARTHUR T, 1987, ENGLISH LANGUAGE, P323.
   McKay S.L., 2002, TEACHING ENGLISH INT.
   Pennycook A, 2003, J SOCIOLING, V7, P513, DOI 10.1111/j.1467-9841.2003.00240.x.
   PENNYCOOK A, 2002, INDIAN J APPL LINGUI, V28, P25.
   Pennycook A., 2007, J LANGUAGE IDENTITY, V6, P101, DOI 10.1080/15348450701341246.
   Pennycook Alastair., 1994, CULTURAL POLITICS EN.
   Pennycook Alastair, 2006, GLOBAL ENGLISHES TRA.
   Phillipson R., 1992, LINGUISTIC IMPERIALI.
   Prator C. H., 1968, LANGUAGE PROBLEMS DE, P459.
   Quirk R., 1990, ENGL TODAY, V6, P3, DOI DOI 10.HTTP://DX.D0I.0RG/10.1017/S0266078400004454.
   QUIRK Randolph, 1985, ENGLISH WORLD TEACHI, P1.
   SARACENI M, 2008, ENGLISH TODAY, V24, P24.
   Saroceni, 2006, ENGLISH WORLD GLOBAL, P32.
   Saville-Troike Muriel, 1996, SOCIOLINGUISTICS LAN, P351.
   Seidlhofer B., 2001, INT J APPL LINGUIST, V11, P133, DOI DOI 10.1111/1473-4192.00011.
   Seidlhofer B., 2005, ELT J, V59, P339, DOI {[}10.1093/elt/cci064, DOI 10.1093/ELT/CCI064].
   Skinner J, 1998, STEPMOTHER TONGUE.
   Smith Larry E., 1976, READINGS ENGLISH INT, V7.
   Talib IsmailS., 2002, LANGUAGE POSTCOLONIA.
   Tan M., 2005, ELT J, V59, P126, DOI DOI 10.1093/ELTJ/CCI026.
   Tupas T. R. F., 2006, ENGLISH WORLD GLOBAL, P169.}},
Number-of-Cited-References = {{53}},
Times-Cited = {{13}},
Usage-Count-Last-180-days = {{0}},
Usage-Count-Since-2013 = {{8}},
Journal-ISO = {{Lang. Intercult. Commun.}},
Doc-Delivery-Number = {{489VI}},
Unique-ID = {{ISI:000269451100004}},
DA = {{2021-06-22}},
}

@article{ ISI:000236075100005,
Author = {Markham, C and Dean, T},
Title = {{Parents' and professionals' perceptions of Quality of Life in children
   with speech and language difficulty}},
Journal = {{INTERNATIONAL JOURNAL OF LANGUAGE \& COMMUNICATION DISORDERS}},
Year = {{2006}},
Volume = {{41}},
Number = {{2}},
Pages = {{189-212}},
Month = {{MAR-APR}},
Abstract = {{Background: The true impact of speech and language difficulties (SaLD)
   on children's lives and the effectiveness of intervention is unknown.
   Within other fields of paediatric healthcare, clinicians and
   policy-makers are increasingly emphasizing the utility of Health-Related
   Quality of Life (HRQoL) studies and measures. SaLT has a variety of
   measures to assess and treat children's `quantity' of life, but also
   requires measures that allow it to measure and even target their Quality
   of Life.
   Aims: To provide novel, primary data on the HRQoL of children with
   speech and/ or language difficulties.
   Methods \& Procedures: The study used a qualitative methodology to begin
   the process of developing knowledge about HRQoL in children with SaLD.
   Focus group interviews were held with parents and professional carers of
   children with SaLD, and participants were encouraged to reflect on their
   experiences and beliefs around HRQoL issues for these children. The
   discussions within these groups were tape-recorded and analysed using
   the principles of grounded theory and content analysis.
   Outcomes \& Results: Analysis of tape- recorded data identified ten
   descriptive themes related to children with SaLDs HRQoL. These themes
   were labelled: Inclusion; Behaviour and reactions of others; Education
   and awareness; Friendships and family relations; Schooling; The child's
   needs; Dependence/ independence; Quality of care; Choice and potential;
   and Variability. The results can be seen as lying on a spectrum, with
   factors outside of the child at one pole, the individual child's
   characteristics at the other, and the interaction between the child and
   significant others in the middle. A number of the themes reflected a
   common belief, across all groups, that the HRQoL of children with SaLD
   is influenced by the behaviours, attitudes and beliefs of people
   surrounding them. In addition, participants' beliefs that the quality of
   a child's social integration, relationships and care are also related to
   their HRQoL.
   Conclusions: These are encouraging results, indicating that children
   with SaLD experience HRQoL issues associated with their communication
   impairments. The results support the suggestion that speech and language
   therapists should ensure that their assessments and interventions
   account for both a child's impairment and also factors related to
   well-being reflected in the themes presented here. However, this was
   also a small-scale study and consequently further research of this type,
   with a larger and more varied population, is necessary so that HRQoL
   issues for all clinical sub-groups of children with SaLD can be
   explored.}},
Publisher = {{WILEY}},
Address = {{111 RIVER ST, HOBOKEN 07030-5774, NJ USA}},
Type = {{Article}},
Language = {{English}},
Affiliation = {{Markham, C (Corresponding Author), Univ Portsmouth, Sch Hlth Sci \& Social Work, St Georges Bldg,141 High St, Portsmouth PO1 2HY, Hants, England.
   Univ Portsmouth, Sch Hlth Sci \& Social Work, Portsmouth PO1 2HY, Hants, England.}},
DOI = {{10.1080/13682820500221485}},
ISSN = {{1368-2822}},
EISSN = {{1460-6984}},
Keywords = {{Quality of Life; child; communication difficulties}},
Keywords-Plus = {{HEALTH}},
Research-Areas = {{Audiology \& Speech-Language Pathology; Linguistics; Rehabilitation}},
Web-of-Science-Categories  = {{Audiology \& Speech-Language Pathology; Linguistics; Rehabilitation}},
Author-Email = {{chris.markham@port.ac.uk}},
ORCID-Numbers = {{Dean, Taraneh/0000-0002-0123-7646}},
Cited-References = {{Bowling A, 1997, MEASURING HLTH.
   Boyle J, 1996, CHILD LANG TEACH THE, V12, P113, DOI DOI 10.1177/026565909601200202.
   Burnard P, 1991, Nurse Educ Today, V11, P461, DOI 10.1016/0260-6917(91)90009-Y.
   CHRISTIE MJ, 1991, PSYCHOTHER PSYCHOSOM, V56, P197, DOI 10.1159/000288556.
   Clifford C, 1997, QUALITATIVE RES METH.
   Conti-Ramsden G, 2001, INT J LANG COMM DIS, V36, P207, DOI 10.1080/13682820010019883.
   Eiser C, 2001, Health Technol Assess, V5, P1.
   ENDERBY P, 1997, THERAPY OUTCOME MEAU.
   Fekkes M, 2000, QUAL LIFE RES, V9, P961, DOI 10.1023/A:1008981603178.
   Glogowska M, 2000, BRIT MED J, V321, P923, DOI 10.1136/bmj.321.7266.923.
   GRANGE A, 2000, QUALITY LIFE NEWSLET.
   GUYATT GH, 1993, ANN INTERN MED, V118, P622, DOI 10.7326/0003-4819-118-8-199304150-00009.
   HEATLEY DG, 2002, VOICE RELATED QUALIT.
   Hilari K, 2003, STROKE, V34, P1944, DOI 10.1161/01.STR.0000081987.46660.ED.
   Hilari K., 2002, THESIS CITY U LONDON.
   Holloway I., 1996, QUALITATIVE RES NURS.
   Klugman TM, 2002, FOLIA PHONIATR LOGO, V54, P201, DOI 10.1159/000063194.
   KOCH T, 1994, J ADV NURS, V19, P976, DOI 10.1111/j.1365-2648.1994.tb01177.x.
   LAW J., 1998, HLTH TECHNOLOGY ASSE, V9, P1.
   LAW J, 2003, COCHRANE DATABASE SY.
   Law James, 2004, Child Adolesc Ment Health, V9, P50, DOI 10.1111/j.1475-3588.2004.00081.x.
   POLIT DF, 1989, ESSENTIALS NURSING R.
   Pope C, 2000, QUALITATIVE RES HEAL.
   Rebok G, 2001, QUAL LIFE RES, V10, P59, DOI 10.1023/A:1016693417166.
   ROBSON C, 1993, REAL WORLD RES.
   Ronen GM, 2001, QUAL LIFE RES, V10, P71, DOI 10.1023/A:1016659917227.
   SNOWLING M, 2001, INT J LANG COMM DIS, V2, P174.
   SORRELL JM, 1995, J ADV NURS, V21, P1117, DOI 10.1046/j.1365-2648.1995.21061117.x.
   Strauss AL., 1990, BASICS QUALITATIVE R.
   VANDERGAAG A, 1996, COMMUNICATING QUALIT.}},
Number-of-Cited-References = {{30}},
Times-Cited = {{35}},
Usage-Count-Last-180-days = {{0}},
Usage-Count-Since-2013 = {{10}},
Journal-ISO = {{Int. J. Lang. Commun. Disord.}},
Doc-Delivery-Number = {{022SD}},
Unique-ID = {{ISI:000236075100005}},
DA = {{2021-06-22}},
}
