
@article{ ISI:000088755400016,
Author = {Lujan-Ortega, V and Clark-Carter, D},
Title = {{Individual differences, strategic performance and achievement in second
   language learners of Spanish}},
Journal = {{STUDIA LINGUISTICA}},
Year = {{2000}},
Volume = {{54}},
Number = {{2}},
Pages = {{280-287}},
Month = {{AUG}},
Note = {{9th Annual Conference of the European-Second-Language-Association
   (EUROSLA9), LUND, SWEDEN, JUN 10-12, 1999}},
Organization = {{European Second Language Assoc}},
Abstract = {{The study examines whether learners' individual characteristics predict
   their use of strategies and whether individual differences and strategy
   use predict achievements in formal language examinations. Participants
   were post A-Level learners of Spanish in their first year at University.
   They were formally assessed for their competence in the language in
   various tasks. They also performed oral tasks in which they encountered
   problems due to insufficient linguistic resources, but overcame their
   deficiencies by using compensatory strategies. Individual differences
   were assessed through standardised measures of personality/learning
   style and intelligence. Gender was also noted. Hierarchical multiple
   regressions were conducted. They revealed that IQ, learning style, and
   the strategies adopted by the students each explain a substantial and
   significant amount of variance in assessment. In addition, although not
   significant, the results suggest that participants' individual
   differences do predict aspects of their strategy use.}},
Publisher = {{BLACKWELL PUBL LTD}},
Address = {{108 COWLEY RD, OXFORD OX4 1JF, OXON, ENGLAND}},
Type = {{Article; Proceedings Paper}},
Language = {{English}},
Affiliation = {{Lujan-Ortega, V (Corresponding Author), Staffordshire Univ, Coll Rd, Stoke On Trent ST4 2DE, Staffs, England.
   Staffordshire Univ, Stoke On Trent ST4 2DE, Staffs, England.
   Staffordshire Univ, Dept Psychol, Stoke On Trent ST4 2DE, Staffs, England.}},
DOI = {{10.1111/1467-9582.00067}},
ISSN = {{0039-3193}},
Research-Areas = {{Linguistics}},
Web-of-Science-Categories  = {{Language \& Linguistics}},
Cited-References = {{COHEN A, 1994, TESOL Q, V28, P578.
   Cohen J., 1988, STAT POWER ANAL BEHA, V2nd ed.
   DORNYEI Z, 1995, SELECTED PAPERS P 21, P155.
   EHRMAN M, 1997, UNDERSTANDING 2ND LA.
   ELLIS R, 1985, UDNERSTANDING 2ND LA.
   Ellis R., 1994, STUDY 2 LANGUAGE.
   Eysenck H. J., 1964, MANUAL EYSENCK PERSO.
   FAERCH C, 1987, INTROSPECTION 2ND LA.
   Faerch C., 1983, STRATEGIES INTERLANG.
   Heim A., 1970, INTELLIGENCE PERSONA.
   Jung C., 1921, PSYCHOL TYPES.
   KLINE P, 1993, HDB PSYCHOLT ESTING.
   MYERS I, 1958, MANUAL GUIDE DEV USE.
   Oxford R., 1992, TESL CANADA J, V9, P30, DOI DOI 10.18806/TESL.V9I2.602.
   OXFORD R, 1993, REV APPLIED LINGUIST, V13, P188.
   PARRYS, 1990, LANGUAGE APTITUDE RE.
   Poulisse N., 1990, USE COMPENSATORY STR.
   POULISSE N, 1987, INTROSPECTION 2ND LA, P211.
   SIELOFFMAGNAN S, 1990, SHIFTING INSTRUCTION.
   Skehan P., 1989, INDIVIDUAL DIFFERENC.
   SKHAN P, 1991, STUDIES 2ND LANGUAGE, V13, P275.
   TABACHNICK B, 1996, USING MULTIVARIANCE.
   WILLIAMS M, 1997, PSYCHOL LANGUAGE.}},
Number-of-Cited-References = {{23}},
Times-Cited = {{8}},
Usage-Count-Last-180-days = {{0}},
Usage-Count-Since-2013 = {{3}},
Journal-ISO = {{Studia Linguist.}},
Doc-Delivery-Number = {{344JL}},
Unique-ID = {{ISI:000088755400016}},
DA = {{2021-05-27}},
}

@article{ ISI:A1992KQ29600001,
Author = {NELDE, PH and LABRIE, N and WILLIAMS, CH},
Title = {{THE PRINCIPLES OF TERRITORIALITY AND PERSONALITY IN THE SOLUTION OF
   LINGUISTIC CONFLICTS}},
Journal = {{JOURNAL OF MULTILINGUAL AND MULTICULTURAL DEVELOPMENT}},
Year = {{1992}},
Volume = {{13}},
Number = {{5}},
Pages = {{387-406}},
Abstract = {{This paper examines the competing principles of territoriality and
   personality as key concepts in the provision of language-related
   services and rights in multilingual societies- Drawing on recent
   legislative and sociopolitical change in Belgium, Quebec and Canada we
   examine to what extent the adoption of such principles actually
   increases or neutralises language-related conflict. We argue that
   sensitive application of certain territorially-derived language planning
   policies can lead to a reduction in conflict and reassure threatened
   linguistic minorities that their rights can be guaranteed within a
   multilingual political framework. We also argue for a closer liaison
   between language contact researchers and geographers, particularly in
   applied language planning policy-formulation.}},
Publisher = {{ROUTLEDGE JOURNALS, TAYLOR \& FRANCIS LTD}},
Address = {{4 PARK SQUARE, MILTON PARK, ABINGDON OX14 4RN, OXFORDSHIRE, ENGLAND}},
Type = {{Article}},
Language = {{English}},
Affiliation = {{NELDE, PH (Corresponding Author), CATHOLIC UNIV BRUSSELS, MULTILINGUALISM RES CTR, VRIJHEIDSLAAN 17, B-1080 BRUSSELS, BELGIUM.
   ONTARIO INST STUDIES EDUC, TORONTO M5S 1V6, ONTARIO, CANADA.
   STAFFORDSHIRE UNIV, DIV GEOG, STOKE ON TRENT ST4 2DF, ENGLAND.}},
DOI = {{10.1080/01434632.1992.9994504}},
ISSN = {{0143-4632}},
EISSN = {{1747-7557}},
Research-Areas = {{Linguistics}},
Web-of-Science-Categories  = {{Linguistics; Language \& Linguistics}},
Cited-References = {{Breton Roland, 1991, GEOLINGUISTICS LANGU.
   CARTWRIGHT D, 1991, LINGUISTIC MINORITIE.
   CARTWRIGHT DG, 1982, T I BRIT GEOGR, V7, P474, DOI 10.2307/622147.
   CARTWRIGHT DG, 1988, LANGUAGE GEOGRAPHIC, P238.
   CARTWRIGHT DG, 1987, J MULTILING MULTICUL, V8, P85.
   CARTWRIGHT DG, 1980, OFFICIAL LANGUAGE PO.
   CHISHOLM M, 1990, SHARED SPACE DIVIDED.
   Daoust D., 1987, POLITIQUE AMENAGEMEN, P5.
   DECSY G, 1986, STATISTICAL REPORT L.
   Fournier P., 1991, MEECH LAKE POST MORT.
   HENRIPIN J, 1988, LANG SOC, V24, P6.
   Heraud Guy, 1980, LANG PROBL LANG PLAN, V4, P195.
   JOHNSTON R, 1988, NATIONALISM SELF DET.
   Kremnitz G., 1981, LANGAGES, V61, P63.
   LABRIE N, IN PRESS STATUSWANDE.
   LACHAPELLE R, 1982, DEMOLINGUISTIC SITUA.
   LAPONCE J, 1984, LANGUE TERRITORIE.
   LAPONCE JA, 1984, POLIT GEOGR QUART, V3, P91, DOI 10.1016/0260-9827(84)90001-6.
   LAPONCE JA, 1987, POLITICAL GEOGRAPHY, V6, P265.
   Leclerc J., 1989, GUERRE LANGUES AFFIC.
   Leclerc J., 1986, LANGUE SOC.
   MACKEY W, 1973, 3 CONCEPTS GEOLINGUI.
   MACKEY W, 1988, LANGUAGE GEOGRAPHIC.
   MCRAE K, 1975, INT J SOCIOL LANG, V4, P33.
   MURPHY AB, 1988, REGIONAL DYUNAMICS L.
   NELDE PH, 1982, KWARTALNIK NEOFILOLO, V1, P169.
   NELDE PH, 1990, MULTILINGUA, V9, P47.
   PATTANAYAK DP, 1987, POLITICAL GEOGRAPHY, V6, P261.
   RONDEAU JC, 1990, POUVOIRS, V53, P125.
   WATERMAN S, 1989, COMMUNITY CONFLICT P.
   WILLIAMS C, 1983, PROG HUM GEOG, V7, P502, DOI 10.1177/030913258300700402.
   WILLIAMS C, 1982, NATIONAL SEPARATISM.
   Williams C.H., 1988, LANGUAGE GEOGRAPHIC.
   Williams C.N, 1991, LINGUISTIC MINORITIE, P1.
   WILLIAMS CH, 1990, WORLD GOVT, P44.
   Williams Colin H., 1989, COMMUNITY CONFLICT P.
   WOEHRLING J, 1989, LANGUE DROIT.}},
Number-of-Cited-References = {{37}},
Times-Cited = {{15}},
Usage-Count-Last-180-days = {{0}},
Usage-Count-Since-2013 = {{10}},
Journal-ISO = {{J. Multiling. Multicult. Develop.}},
Doc-Delivery-Number = {{KQ296}},
Unique-ID = {{ISI:A1992KQ29600001}},
DA = {{2021-05-27}},
}

@article{ ISI:A1991HR49600008,
Author = {WILLIAMS, CH},
Title = {{THE RECONQUEST OF MONTREAL - LANGUAGE POLICY AND SOCIAL-CHANGE IN A
   BILINGUAL CITY - LEVINE,MV}},
Journal = {{JOURNAL OF MULTILINGUAL AND MULTICULTURAL DEVELOPMENT}},
Year = {{1991}},
Volume = {{12}},
Number = {{5}},
Pages = {{415-416}},
Publisher = {{MULTILINGUAL MATTERS LTD}},
Address = {{FRANKFURT LODGE, CLEVEDON HALL, VICTORIA RD, CLEVEDON, AVON, ENGLAND
   BS21 7SJ}},
Type = {{Book Review}},
Language = {{English}},
Affiliation = {{WILLIAMS, CH (Corresponding Author), STAFFORDSHIRE POLYTECH,DEPT GEOG \& RECREAT STUDIES,STOKE ON TRENT,ENGLAND.}},
ISSN = {{0143-4632}},
Research-Areas = {{Linguistics}},
Web-of-Science-Categories  = {{Linguistics; Language \& Linguistics}},
Cited-References = {{Levine M.C., 1990, RECONQUEST MONTREAL.}},
Number-of-Cited-References = {{1}},
Times-Cited = {{0}},
Usage-Count-Last-180-days = {{0}},
Usage-Count-Since-2013 = {{0}},
Doc-Delivery-Number = {{HR496}},
Unique-ID = {{ISI:A1991HR49600008}},
DA = {{2021-05-27}},
}

@article{ ISI:A1981MA13200008,
Author = {AINSWORTH, WA},
Title = {{DURATION AS A FACTOR IN THE RECOGNITION OF SYNTHETIC VOWELS}},
Journal = {{JOURNAL OF PHONETICS}},
Year = {{1981}},
Volume = {{9}},
Number = {{3}},
Pages = {{333-342}},
Publisher = {{ACADEMIC PRESS LTD}},
Address = {{24-28 OVAL RD, LONDON, ENGLAND NW1 7DX}},
Type = {{Article}},
Language = {{English}},
Affiliation = {{AINSWORTH, WA (Corresponding Author), UNIV KEELE,DEPT COMMUNICAT \& NEUROSCI,KEELE ST5 5BG,STAFFORDSHIRE,ENGLAND.}},
DOI = {{10.1016/S0095-4470(19)30976-3}},
ISSN = {{0095-4470}},
Research-Areas = {{Linguistics}},
Web-of-Science-Categories  = {{Linguistics; Language \& Linguistics}},
Cited-References = {{AINSWORTH WA, 1978, J ACOUST SOC AM, V63, P1528, DOI 10.1121/1.381847.
   AINSWORTH WA, 1972, J ACOUST SOC AM, V51, P648, DOI 10.1121/1.1912889.
   AINSWORTH WA, 1971, BEHAV RES METH INSTR, V3, P21, DOI 10.3758/BF03208117.
   AINSWORTH WA, 1974, INT J MAN MACH STUD, V6, P493, DOI 10.1016/S0020-7373(74)80016-7.
   BENNETT DC, 1968, LANG SPEECH, V11, P65, DOI 10.1177/002383096801100201.
   BLADON RAW, 1979, AUT I AC C         A, V22, P79.
   CARLSON R, 1979, STL QPSR STOCKHOLM, V3, P84.
   COHEN A, 1967, PHONETICA, V16, P65, DOI 10.1159/000258559.
   Delattre P, 1952, WORD, V8, P195, DOI 10.1080/00437956.1952.11659431.
   HOLMES JN, 1964, LANG SPEECH, V7, P127, DOI 10.1177/002383096400700301.
   KLATT DH, 1976, J ACOUST SOC AM, V59, P1208, DOI 10.1121/1.380986.
   NOOTEBOOM SG, 1980, J ACOUST SOC AM, V67, P276, DOI 10.1121/1.383737.
   PETERSON GE, 1952, J ACOUST SOC AM, V24, P175, DOI 10.1121/1.1906875.
   POLS LCW, 1969, J ACOUST SOC AM, V46, P458, DOI 10.1121/1.1911711.
   Schroeder M. R, 1979, FRONTIERS SPEECH COM, P217.
   STEVENS KN, 1959, J ACOUST SOC AM, V31, pA109.
   ZWICKER E, 1972, J ACOUST SOC AM, V52, P699, DOI 10.1121/1.1913161.}},
Number-of-Cited-References = {{17}},
Times-Cited = {{5}},
Usage-Count-Last-180-days = {{1}},
Usage-Count-Since-2013 = {{1}},
Journal-ISO = {{J. Phon.}},
Doc-Delivery-Number = {{MA132}},
Unique-ID = {{ISI:A1981MA13200008}},
OA = {{Bronze}},
DA = {{2021-05-27}},
}

@article{ ISI:A1981MD17200002,
Author = {HARTLEY, J and TRUEMAN, M},
Title = {{THE EFFECTS OF CHANGES IN LAYOUT AND CHANGES IN WORDING ON PREFERENCES
   FOR INSTRUCTIONAL TEXT}},
Journal = {{VISIBLE LANGUAGE}},
Year = {{1981}},
Volume = {{15}},
Number = {{1}},
Pages = {{13-31}},
Publisher = {{VISIBLE LANGUAGE RISD-GRAPHIC DESIGN DEPT}},
Address = {{2 COLLEGE ST, PROVIDENCE, RI 02903}},
Type = {{Article}},
Language = {{English}},
Affiliation = {{HARTLEY, J (Corresponding Author), UNIV KEELE,DEPT PSYCHOL,KEELE ST5 5BG,STAFFORDSHIRE,ENGLAND.}},
ISSN = {{0022-2224}},
Research-Areas = {{Linguistics}},
Web-of-Science-Categories  = {{Language \& Linguistics}},
Cited-References = {{HARTLEY J, 1980, PROGRAM LEARN EDUC T, V17, P164.
   HARTLEY J, 1981, IEEE T PROF COMMUN, V24, P17, DOI 10.1109/TPC.1981.6447818.
   HARTLEY J, 1979, APPL ERGON, V10, P165, DOI 10.1016/0003-6870(79)90141-8.
   HARTLEY J, 1981, APPL ERGON, V12, P7, DOI 10.1016/0003-6870(81)90087-9.
   HARTLEY J, 1981, J RES COMMUN STUD, V2, P271.
   HARTLEY J, 1980, J RES COMMUN STUD, V2, P83.
   HARTLEY J, 1980, VISIBLE LANG, V14, P62.
   HARTLEY J, 1980, PSYCHOL WRITTEN COMM.
   HARTLEY J, 1978, PSYCHOL WRITTEN COMM.
   Hartley James, 1978, DESIGNING INSTRUCTIO.
   KLARE GR, 1976, J READING BEHAV, V8, P129, DOI 10.1080/10862967609547171.
   MACKINTOSH N, 1974, OPEN U OPENS.
   POULTON EC, 1973, PSYCHOL BULL, V80, P113, DOI 10.1037/h0034731.
   Siegel S., 1956, NONPARAMETRIC STAT B.}},
Number-of-Cited-References = {{14}},
Times-Cited = {{4}},
Usage-Count-Last-180-days = {{0}},
Usage-Count-Since-2013 = {{0}},
Journal-ISO = {{Visible Lang.}},
Doc-Delivery-Number = {{MD172}},
Unique-ID = {{ISI:A1981MD17200002}},
DA = {{2021-05-27}},
}

@article{ ISI:A1980KL13100038,
Author = {SWANN, C},
Title = {{THE LITERATURE OF CHANGE - STUDIES IN THE 19TH-CENTURY PROVINCIAL NOVEL
   - LUCAS,J}},
Journal = {{MODERN LANGUAGE REVIEW}},
Year = {{1980}},
Volume = {{75}},
Number = {{OCT}},
Pages = {{859-860}},
Publisher = {{MODERN HUMANITIES RES ASSN}},
Address = {{KINGS COLLEGE STRAND, LONDON, ENGLAND WC2R 2LS}},
Type = {{Book Review}},
Language = {{English}},
Affiliation = {{SWANN, C (Corresponding Author), UNIV KEELE,KEELE ST5 5BG,STAFFORDSHIRE,ENGLAND.}},
DOI = {{10.2307/3726616}},
ISSN = {{0026-7937}},
Research-Areas = {{Linguistics; Literature}},
Web-of-Science-Categories  = {{Language \& Linguistics; Literature}},
Cited-References = {{LUCAS J, 1977, LITERATURE CHANGE ST.}},
Number-of-Cited-References = {{1}},
Times-Cited = {{0}},
Usage-Count-Last-180-days = {{0}},
Usage-Count-Since-2013 = {{0}},
Journal-ISO = {{Mod. Lang. Rev.}},
Doc-Delivery-Number = {{KL131}},
Unique-ID = {{ISI:A1980KL13100038}},
DA = {{2021-05-27}},
}

@article{ ISI:A1980JJ30800004,
Author = {MCLAVERTY, J},
Title = {{POPE HORATIAN POEMS - NEW VARIANT STATE}},
Journal = {{MODERN PHILOLOGY}},
Year = {{1980}},
Volume = {{77}},
Number = {{3}},
Pages = {{304-306}},
Publisher = {{UNIV CHICAGO PRESS}},
Address = {{5720 S WOODLAWN AVE, CHICAGO, IL 60637}},
Type = {{Note}},
Language = {{English}},
Affiliation = {{MCLAVERTY, J (Corresponding Author), UNIV KEELE,KEELE ST5 5BG,STAFFORDSHIRE,ENGLAND.}},
DOI = {{10.1086/390957}},
ISSN = {{0026-8232}},
Research-Areas = {{Linguistics; Literature}},
Web-of-Science-Categories  = {{Language \& Linguistics; Literature}},
Cited-References = {{Bowers Fredson, 1949, PRINCIPLES BIBLIOGRA.
   GRIFFITH RH, 1922, POPE BIBLIOGRAPHY, V2.
   MACK M, 1943, MODERN PHILOLOGY, V41, P33.
   POPE A, DIALOGUES.}},
Number-of-Cited-References = {{4}},
Times-Cited = {{0}},
Usage-Count-Last-180-days = {{0}},
Usage-Count-Since-2013 = {{0}},
Journal-ISO = {{Mod. Philol.}},
Doc-Delivery-Number = {{JJ308}},
Unique-ID = {{ISI:A1980JJ30800004}},
DA = {{2021-05-27}},
}
