
@article{ ISI:000613200300006,
Author = {Roberts, Angela and Aveni, Katharine and Basque, Shalane and Orange,
   Joseph B. and McLaughlin, Paula and Ramirez, Joel and Troyer, Angela K.
   and Gutierrez, Stephanie and Chen, Angie and Bartha, Robert and Binns,
   Malcolm A. and Black, Sandra E. and Casaubon, Leanne K. and Dowlatshahi,
   Dar and Hassan, Ayman and Kwan, Donna and Levine, Brian and Mandzia,
   Jennifer and Sahlas, Demetrios J. and Scott, Christopher J. M. and
   Strother, Stephen and Sunderland, Kelly M. and Symons, Sean and Swartz,
   Richard and ONDRI Investigators},
Title = {{Predicting Cognitive Impairment in Cerebrovascular Disease Using Spoken
   Discourse Production}},
Journal = {{TOPICS IN LANGUAGE DISORDERS}},
Year = {{2021}},
Volume = {{41}},
Number = {{1, SI}},
Pages = {{73-98}},
Month = {{JAN-MAR}},
Abstract = {{Purpose:
   Dementia due to cerebrovascular disease (CVD) is common. Detecting early
   cognitive decline in CVD is critical because addressing risk factors may
   slow or prevent dementia. This study used a multidomain discourse
   analysis approach to determine the spoken language signature of
   CVD-related cognitive impairment.
   Method:
   Spoken language and neuropsychological assessment data were collected
   prospectively from 157 participants with CVD as part of the Ontario
   Neurodegenerative Disease Research Initiative, a longitudinal,
   observational study of neurodegenerative disease. Participants were
   categorized as impaired (n = 92) or cognitively normal for age (n = 65)
   based on neuropsychology criteria. Spoken language samples were
   transcribed orthographically and annotated for 13 discourse features,
   across five domains. Discriminant function analyses were used to
   determine a minimum set of discourse variables, and their estimated
   weights, for maximizing diagnostic group separation.
   Results:
   The optimal discriminant function that included 10 of 13 discourse
   measures correctly classified 78.3\% of original cases (69.4\%
   cross-validated cases) with a sensitivity of 77.2\% and specificity of
   80.0\%.
   Conclusion:
   Spoken discourse appears to be a sensitive measure for detecting
   cognitive impairment in CVD with measures of productivity, information
   content, and information efficiency heavily weighted in the final
   algorithm.}},
Publisher = {{LIPPINCOTT WILLIAMS \& WILKINS}},
Address = {{TWO COMMERCE SQ, 2001 MARKET ST, PHILADELPHIA, PA 19103 USA}},
Type = {{Article}},
Language = {{English}},
Affiliation = {{Roberts, A (Corresponding Author), Northwestern Univ, Roxelyn \& Richard Pepper Dept Commun Sci \& Disord, 2240 Campus Dr, Evanston, IL 60208 USA.
   Roberts, Angela; Aveni, Katharine; Gutierrez, Stephanie; Chen, Angie, Northwestern Univ, Roxelyn \& Richard Pepper Dept Commun Sci \& Disord, 2240 Campus Dr, Evanston, IL 60208 USA.
   Basque, Shalane; Orange, Joseph B., Western Univ, Canadian Ctr Act \& Aging, Sch Commun Sci \& Disorders, London, ON, Canada.
   Mandzia, Jennifer, Western Univ, London Hlth Sci Ctr, Dept Clin Neurol Sci, London, ON, Canada.
   Kwan, Donna, Queens Univ, Ctr Neurosci Studies, Kingston, ON, Canada.
   Ramirez, Joel; Black, Sandra E., Sunnybrook Res Inst, Toronto, ON, Canada.
   Swartz, Richard, Sunnybrook Hlth Sci Ctr, Dept Neurol, Toronto, ON, Canada.
   Scott, Christopher J. M.; Symons, Sean, Sunnybrook Hlth Sci Ctr, Toronto, ON, Canada.
   Troyer, Angela K., Baycrest Hlth Sci, Neuropsychol \& Cognit Hlth, Toronto, ON, Canada.
   Binns, Malcolm A.; Levine, Brian; Strother, Stephen; Sunderland, Kelly M., Baycrest Hlth Sci, Rotman Res Inst, Toronto, ON, Canada.
   Troyer, Angela K.; Levine, Brian, Univ Toronto, Dept Psychol, Toronto, ON, Canada.
   Binns, Malcolm A., Univ Toronto, Dalla Lana Sch Publ Hlth, Toronto, ON, Canada.
   Black, Sandra E.; Casaubon, Leanne K., Univ Toronto, Dept Med, Toronto, ON, Canada.
   Levine, Brian; Swartz, Richard, Univ Toronto, Dept Med Neurol, Toronto, ON, Canada.
   Strother, Stephen, Univ Toronto, Dept Med Biophys, Toronto, ON, Canada.
   Symons, Sean, Univ Toronto, Dept Med Imaging, Toronto, ON, Canada.
   Bartha, Robert, Univ Western Ontario, Robarts Res Inst, London, ON, Canada.
   Bartha, Robert, Univ Western Ontario, Dept Med Biophys, London, ON, Canada.
   Casaubon, Leanne K., Toronto Western Hosp, Toronto, ON, Canada.
   Dowlatshahi, Dar, Univ Ottawa, Dept Med, Ottawa, ON, Canada.
   Dowlatshahi, Dar, Ottawa Hosp Res Inst, Ottawa, ON, Canada.
   Hassan, Ayman, Thunder Bay Reg Hlth Sci Ctr, Thunder Bay, ON, Canada.
   Sahlas, Demetrios J., McMaster Univ, Dept Med, Hamilton, ON, Canada.
   Swartz, Richard, Ontario Neurodegenerat Dis Res Initiat Investigat, Hamilton, ON, Canada.}},
DOI = {{10.1097/TLD.0000000000000242}},
ISSN = {{0271-8294}},
EISSN = {{1550-3259}},
Keywords = {{assessment; biomarker; cerebrovascular disease (CVD); cognition;
   dementia; multilevel discourse analysis; neurodegeneration; spoken
   discourse; spoken language; vascular cognitive impairment (VCI)}},
Research-Areas = {{Linguistics; Rehabilitation}},
Web-of-Science-Categories  = {{Linguistics; Rehabilitation}},
Author-Email = {{angela.roberts@northwestern.edu
   KatharineAveni2021@u.northwestern.edu
   sbasque@uwo.ca
   jborange@uwo.ca
   paula.mclaughlin@queensu.ca
   joel.ramirez1@sunnybrook.ca
   atroyer@baycrest.org
   stephanie.gutierrez@northwestern.edu
   angie.chen.2020@u.northwestern.edu
   rbartha@robarts.ca
   mbinns@research.baycrest.org
   Sandra.black@sunnybrook.ca
   Leanne.casaubon@uhn.ca
   ddowlat@toh.ca
   hassana@tbh.net
   donna.kwan@queensu.ca
   blevine@research.baycrest.org
   Jennifer.mandzia@lhsc.on.ca
   sahlas@hhsc.ca
   Christopher.scott@sunnybrook.ca
   sstrother@research.baycrest.org
   ksunderland@research.baycrest.org
   sean.symons@sunnybrook.ca
   rick.swartz@sunnybrook.ca}},
Funding-Acknowledgement = {{Ontario Brain Institute - Ontario government; Baycrest
   FoundationUniversity of Toronto; Bruyere Research Institute; Centre for
   Addiction and Mental Health Foundation; London Health Sciences
   Foundation; McMaster University Faculty of Health Sciences; Ottawa Brain
   and Mind Research Institute; Queen's University Faculty of Health
   Sciences; Sunnybrook FoundationUniversity of Toronto; Thunder Bay
   Regional Health Sciences Centre; University of Ottawa Faculty of
   Medicine; Windsor/Essex County ALS Association; Temerty Family
   Foundation; National Institutes of Deafness and Communication
   DisordersUnited States Department of Health \& Human ServicesNational
   Institutes of Health (NIH) - USANIH National Institute on Deafness \&
   Other Communication Disorders (NIDCD) {[}1R21DC017255-01]; Canadian
   Institutes of Health Research (Fellowship in Aging)Canadian Institutes
   of Health Research (CIHR); Parkinson's Canada}},
Funding-Text = {{This research was conducted with the support of the Ontario Brain
   Institute, an independent nonprofit corporation, funded partially by the
   Ontario government. The opinions, results, and conclusions are those of
   the authors and no endorsement by the Ontario Brain Institute is
   intended or should be inferred. Matching funds were provided by
   participant hospital (recruitment sites) and research institute
   foundations, including the Baycrest Foundation, Bruyere Research
   Institute, Centre for Addiction and Mental Health Foundation, London
   Health Sciences Foundation, McMaster University Faculty of Health
   Sciences, Ottawa Brain and Mind Research Institute, Queen's University
   Faculty of Health Sciences, the Sunnybrook Foundation, the Thunder Bay
   Regional Health Sciences Centre, the University of Ottawa Faculty of
   Medicine, and the Windsor/Essex County ALS Association. The Temerty
   Family Foundation provided the major infrastructure matching funds. This
   work also was supported by research grants to the first author (A.R.)
   from the National Institutes of Deafness and Communication Disorders
   1R21DC017255-01, the Canadian Institutes of Health Research (Fellowship
   in Aging), and Parkinson's Canada.}},
Cited-References = {{ADAMS HP, 1992, HAEMOSTASIS, V22, P99.
   Alyahya RSW, 2020, BRAIN, V143, P1541, DOI 10.1093/brain/awaa074.
   Americal Psychiatric Association {[}APA], 2013, DIAGN STAT MAN MENT, DOI {[}10.1176/appi.books.9780890425596., DOI 10.1176/APPI.BOOKS.9780890425596].
   American Psychiatric Association, 2000, DIAGN STAT MAN MENT, V4.
   {[}Anonymous], 1978, ASHA, V20, P297.
   Ash S, 2017, BRAIN LANG, V171, P42, DOI 10.1016/j.bandl.2017.05.001.
   Ash S, 2013, NEUROLOGY, V81, P329, DOI 10.1212/WNL.0b013e31829c5d0e.
   Ash S, 2012, NEUROPSYCHOLOGY, V26, P368, DOI 10.1037/a0027115.
   BARR A, 1992, INT J GERIATR PSYCH, V7, P621, DOI 10.1002/gps.930070903.
   BECKER JT, 1994, ARCH NEUROL-CHICAGO, V51, P585, DOI 10.1001/archneur.1994.00540180063015.
   BONITA R, 1988, STROKE, V19, P1497, DOI 10.1161/01.STR.19.12.1497.
   Borrie M., 2020, ONTARIO NEURODEGENER, DOI {[}10.1101/2020.07.30.20165456, DOI 10.1101/2020.07.30.20165456].
   Boyle M, 2014, J SPEECH LANG HEAR R, V57, P966, DOI 10.1044/2014\_JSLHR-L-13-0171.
   Braaten AJ, 2006, INT J NEUROSCI, V116, P1271, DOI 10.1080/00207450600920928.
   Breteler MMB, 2000, NEUROBIOL AGING, V21, P153, DOI 10.1016/S0197-4580(99)00110-4.
   BROOKSHIRE RH, 1994, CLIN APHASIOL, V22, P119.
   Canning SJD, 2004, NEUROLOGY, V62, P556, DOI 10.1212/WNL.62.4.556.
   Cannizzaro MS, 2013, J PSYCHOLINGUIST RES, V42, P527, DOI 10.1007/s10936-012-9231-5.
   Capilouto G, 2005, J COMMUN DISORD, V38, P431, DOI 10.1016/j.jcomdis.2005.03.005.
   CHUI HC, 1992, NEUROLOGY, V42, P473, DOI 10.1212/WNL.42.3.473.
   COELHO CA, 1995, BRAIN INJURY, V9, P471, DOI 10.3109/02699059509008206.
   Cohen J., 1988, STAT POWER ANAL BEHA.
   Delis D.C., 2001, DELIS KAPLAN EXECUTI, DOI 10.1037/t15082-000.
   Drummond C, 2015, FRONT AGING NEUROSCI, V7, DOI 10.3389/fnagi.2015.00096.
   Duchesne S, 2019, J MAGN RESON IMAGING, V49, P456, DOI 10.1002/jmri.26197.
   Duong A, 2005, BRAIN LANG, V93, P173, DOI 10.1016/j.bandl.2004.10.007.
   Duong A, 2003, BRAIN COGNITION, V53, P177, DOI 10.1016/S0278-2626(03)00104-0.
   FAGAN WT, 1982, RES TEACH ENGL, V16, P85.
   Farhan SMK, 2017, CAN J NEUROL SCI, V44, P196, DOI 10.1017/cjn.2016.415.
   Fleming VB, 2008, APHASIOLOGY, V22, P729, DOI 10.1080/02687030701803762.
   Fraser K.C., 2019, P 6 WORKSH COMP LING.
   Fraser KC, 2014, CORTEX, V55, P43, DOI 10.1016/j.cortex.2012.12.006.
   Frederiksen C.H., 1990, DISCOURSE ABILITY BR, P69, DOI 10.1007/978-1-4612-3262-9\_4.
   Fromm D, 2020, J SPEECH LANG HEAR R, V63, P1835, DOI 10.1044/2020\_JSLHR-19-00267.
   German D.J., 1990, TAWF TEST ADOLESCENT.
   GOLDMANEISLER F, 1972, LANG SPEECH, V15, P103, DOI 10.1177/002383097201500201.
   Goodglass H., 2001, BDAE 3 BOSTON DIAGNO, V3rd.
   Gorelick PB, 2011, STROKE, V42, P2672, DOI 10.1161/STR.0b013e3182299496.
   HACHINSKI VC, 1993, NEUROLOGY, V43, P2159, DOI 10.1212/WNL.43.10.2159-a.
   HACHINSKI VC, 1974, LANCET, V2, P207.
   Hardy CJD, 2016, J ALZHEIMERS DIS, V50, P359, DOI 10.3233/JAD-150806.
   HIER DB, 1985, BRAIN LANG, V25, P117, DOI 10.1016/0093-934X(85)90124-5.
   Huberty C.J., 2006, APPL MANOVA DISCRIMI.
   Iadecola C, 2019, J AM COLL CARDIOL, V73, P3326, DOI 10.1016/j.jacc.2019.04.034.
   IBM Corp, IBM SPSS STAT WINDOW.
   Jones S, 2006, CORTEX, V42, P347, DOI 10.1016/S0010-9452(08)70361-7.
   KONTIOLA P, 1990, BRAIN LANG, V38, P364, DOI 10.1016/0093-934X(90)90121-V.
   Korczyn AD, 2012, J NEUROL SCI, V322, P2, DOI 10.1016/j.jns.2012.03.027.
   Lafosse JM, 1997, NEUROPSYCHOLOGY, V11, P514, DOI 10.1037/0894-4105.11.4.514.
   Laine M, 1998, J NEUROLINGUIST, V11, P79, DOI 10.1016/S0911-6044(98)00006-2.
   LEVELT WJM, 1983, COGNITION, V14, P41, DOI 10.1016/0010-0277(83)90026-4.
   Lewis H, 2006, NEUROPATH APPL NEURO, V32, P103, DOI 10.1111/j.1365-2990.2006.00696.x.
   LOEWENSTEIN DA, 1991, BRAIN COGNITION, V16, P104, DOI 10.1016/0278-2626(91)90088-P.
   Luchsinger JA, 2005, NEUROLOGY, V65, P545, DOI 10.1212/01.wnl.0000172914.08967.dc.
   Ma J, 2015, INT J NEUROSCI, V125, P823, DOI 10.3109/00207454.2014.972504.
   MACK WJ, 1992, J GERONTOL, V47, pP154, DOI 10.1093/geronj/47.3.P154.
   Mackenzie C, 2000, INT J LANG COMM DIS, V35, P269, DOI 10.1080/136828200247188.
   MacWhinney B, 2011, APHASIOLOGY, V25, P1286, DOI 10.1080/02687038.2011.589893.
   Mandrekar JN, 2010, J THORAC ONCOL, V5, P1315, DOI 10.1097/JTO.0b013e3181ec173d.
   Marcotte K, 2017, DEMENT GER COGN D EX, V7, P52, DOI 10.1159/000456710.
   Marini A, 2011, APHASIOLOGY, V25, P1372, DOI 10.1080/02687038.2011.584690.
   Marion V, 2007, J SPEECH LANG HEAR R, V50, P940, DOI 10.1044/1092-4388(2007/067).
   Marterer A, 1996, ARCH GERONTOL GERIAT, V23, P189, DOI 10.1016/0167-4943(96)00720-0.
   McLaughlin PM, 2021, ASSESSMENT, V28, P1267, DOI 10.1177/1073191120913933.
   MENDEZ MF, 1991, J CLIN EXP NEUROPSYC, V13, P923, DOI 10.1080/01688639108405108.
   Miller J., 2018, SYSTEMATIC ANAL LANG.
   Mueller KD, 2018, J CLIN EXP NEUROPSYC, V40, P917, DOI 10.1080/13803395.2018.1446513.
   Murray LL, 2001, BRAIN COGNITION, V46, P213, DOI 10.1016/S0278-2626(01)80069-5.
   Murray LL, 2000, J SPEECH LANG HEAR R, V43, P1350, DOI 10.1044/jslhr.4306.1350.
   Nasreddine ZS, 2005, J AM GERIATR SOC, V53, P695, DOI 10.1111/j.1532-5415.2005.53221.x.
   NICHOLAS LE, 1993, J SPEECH HEAR RES, V36, P338, DOI 10.1044/jshr.3602.338.
   O'Brien JT, 2015, LANCET, V386, P1698, DOI 10.1016/S0140-6736(15)00463-8.
   O'Neill ZR, 2019, TRIALS, V20, DOI 10.1186/s13063-019-3434-0.
   Ortiz G.A., 2014, WILEY STATSREF STAT, DOI {[}10.11002/9781118445112.stat06823, DOI 10.11002/9781118445112.STAT06823].
   Perez M, 2018, INTERSPEECH, P1898, DOI {[}10.21437/interspeech.2018-2029, 10.21437/Interspeech.2018-2029].
   Peters R, 2019, BMJ OPEN, V9, DOI 10.1136/bmjopen-2018-022846.
   Power E, 2020, BRAIN INJURY, V34, P98, DOI 10.1080/02699052.2019.1682192.
   Pritchard M, 2018, INT J LANG COMM DIS, V53, P1078, DOI 10.1111/1460-6984.12420.
   Ramirez J, 2020, FRONT NEUROL, V11, DOI 10.3389/fneur.2020.00847.
   Roberts A., 2014, THESIS U W ONTARIO L.
   Roberts A., 2013, PRAGMATICS DEMENTIA, P147.
   Roberts A, 2018, J SPEECH LANG HEAR R, V61, P2259, DOI 10.1044/2018\_JSLHR-L-17-0338.
   Roberts-South A, 2012, SEMIN SPEECH LANG, V33, P79, DOI 10.1055/s-0031-1301165.
   ROMAN GC, 1993, NEUROLOGY, V43, P250, DOI 10.1212/WNL.43.2.250.
   Sachdev P, 2014, ALZ DIS ASSOC DIS, V28, P206, DOI 10.1097/WAD.0000000000000034.
   SALT Software LLC , 2016, C UN SEGM RUL.
   SALT Software LLC, 2018, COD AIDS.
   SALT Software LLC, 2018, SUMM SALT TRANSCR CO.
   SALT Software LLC, 2017, AN AIDS.
   Schmidt R, 2000, J NEUROL, V247, P81, DOI 10.1007/s004150050021.
   Scott C.J., 2020, BIORXIV PREPRINT, DOI {[}10.1101/2020.01.10.896415, DOI 10.1101/2020.01.10.896415].
   Sengupta P, 2019, INDIAN J MED RES, V149, P503, DOI 10.4103/ijmr.IJMR\_1336\_17.
   Shadden B., 1998, ANAL DISCOURSE COMMU, P9.
   Shadden B.B., 1991, CLIN APHASIOLOGY, V20, P327.
   Sherratt S, 2007, APHASIOLOGY, V21, P375, DOI 10.1080/02687030600911435.
   Skrobot OA, 2018, ALZHEIMERS DEMENT, V14, P280, DOI 10.1016/j.jalz.2017.09.007.
   Skrobot OA, 2017, ALZHEIMERS DEMENT, V13, P624, DOI 10.1016/j.jalz.2016.10.007.
   Smith A., 1991, SYMBOL DIGIT MODALIT.
   Snowdon DA, 1997, JAMA-J AM MED ASSOC, V277, P813, DOI 10.1001/jama.277.10.813.
   Spitzer RL, 2006, ARCH INTERN MED, V166, P1092, DOI 10.1001/archinte.166.10.1092.
   Spreen O., 1998, COMPENDIUM NEUROPSYC.
   Stark BC, 2021, AM J SPEECH-LANG PAT, V30, P491, DOI 10.1044/2020\_AJSLP-19-00093.
   Stolwyk RJ, 2014, STROKE, V45, P3129, DOI 10.1161/STROKEAHA.114.004232.
   Strauss E., 2006, COMPENDIUM NEUROPSYC.
   Sunderland KM, 2019, BMC MED RES METHODOL, V19, DOI 10.1186/s12874-019-0737-5.
   Swartz RH, 2008, STROKE, V39, P822, DOI 10.1161/STROKEAHA.107.491936.
   Thompson CK, 1995, CLIN APHASIOL, V23, P121.
   Thompson CK, 2012, APHASIOLOGY, V26, P20, DOI 10.1080/02687038.2011.584691.
   Vaccarino AL, 2018, FRONT NEUROINFORM, V12, DOI 10.3389/fninf.2018.00028.
   Venkat P, 2015, EXP NEUROL, V272, P97, DOI 10.1016/j.expneurol.2015.05.006.
   Vermeer SE, 2003, NEW ENGL J MED, V348, P1215, DOI 10.1056/NEJMoa022066.
   Vuorinen E, 2000, ALZ DIS ASSOC DIS, V14, P81, DOI 10.1097/00002093-200004000-00005.
   Warrington E., 1991, VISUAL OBJECT SPACE.
   Wechsler D., 2011, WECHSLER ABBREVIATED, V4.
   Wolters FJ, 2019, ARTERIOSCL THROM VAS, V39, P1542, DOI 10.1161/ATVBAHA.119.311908.
   Wood KL, 2016, NPJ PARKINSONS DIS, V2, DOI 10.1038/npjparkd.2015.27.
   Wright HH, 2014, AGING NEUROPSYCHOL C, V21, P174, DOI 10.1080/13825585.2013.794894.
   Wright HH, 2012, APHASIOLOGY, V26, P656, DOI 10.1080/02687038.2012.676855.
   Wright HH, 2005, APHASIOLOGY, V19, P263, DOI 10.1080/02687030444000732.
   Yatsu Frank M, 2004, Curr Atheroscler Rep, V6, P307, DOI 10.1007/s11883-004-0063-0.
   Zaidi KB, 2020, CAN J NEUROL SCI, V47, P756, DOI 10.1017/cjn.2020.121.}},
Number-of-Cited-References = {{121}},
Times-Cited = {{2}},
Usage-Count-Last-180-days = {{2}},
Usage-Count-Since-2013 = {{2}},
Journal-ISO = {{Top. Lang. Disord.}},
Doc-Delivery-Number = {{QA1HH}},
Unique-ID = {{ISI:000613200300006}},
DA = {{2021-06-22}},
}

@article{ ISI:000563997600001,
Author = {Watt, Dominic and Harrison, Philip and Hughes, Vincent and French, Peter
   and Llamas, Carmen and Braun, Almut and Robertson, Duncan},
Title = {{Assessing the effects of accent-mismatched reference population
   databases on the performance of an automatic speaker recognition system}},
Journal = {{INTERNATIONAL JOURNAL OF SPEECH LANGUAGE AND THE LAW}},
Year = {{2020}},
Volume = {{27}},
Number = {{1}},
Pages = {{1-34}},
Abstract = {{Automatic Speaker Recognition (ASR) systems are designed to provide the
   user with statistics relating to the similarity of two or more speech
   samples and to the typicality of those shared features in the wider
   population. When an ASR system is used as part of a forensic
   investigation, the user must decide what counts as the appropriate
   `wider population' and select a reference database accordingly. While it
   has generally been held that the voices populating the reference
   database should be similar in accent to that of the samples under
   consideration, the degree to which the accents should correspond has
   until now not been investigated empirically. We report in this article
   on a study in which the composition of the reference database was
   systematically varied in terms of accent, using corpora of samples of
   Standard Southern British English and of three subvarieties spoken in
   North-East England (Newcastle, Sunderland, Middlesbrough).}},
Publisher = {{EQUINOX PUBLISHING LTD}},
Address = {{415, THE WORKSTATION, 15 PATERNOSTER ROW, SHEFFIELD, S1 2BX, ENGLAND}},
Type = {{Article}},
Language = {{English}},
Affiliation = {{Watt, D (Corresponding Author), Univ York, Forens Speech Sci, York, N Yorkshire, England.
   Watt, Dominic; Harrison, Philip; Hughes, Vincent, Univ York, Forens Speech Sci, York, N Yorkshire, England.
   French, Peter, Univ York, Forens Speech Sci, Dept Language \& Linguist Sci, York, N Yorkshire, England.
   Llamas, Carmen, Univ York, Sociolinguist, York, N Yorkshire, England.
   Robertson, Duncan, Univ York, TUULS Project, York, N Yorkshire, England.
   Harrison, Philip, JP French Associates, York, N Yorkshire, England.
   French, Peter, JP French Associates, Forens Speech \& Acoust Lab, York, N Yorkshire, England.
   Braun, Almut, Bundeskriminalamt, Wiesbaden, Germany.}},
DOI = {{10.1558/ijsll.41466}},
ISSN = {{1748-8885}},
EISSN = {{1748-8893}},
Keywords = {{FORENSIC PHONETICS; AUTOMATIC SPEAKER RECOGNITION; SPEECH TECHNOLOGY;
   FORENSIC SPEAKER COMPARISON}},
Keywords-Plus = {{RELEVANT-POPULATION}},
Research-Areas = {{Criminology \& Penology; Linguistics}},
Web-of-Science-Categories  = {{Criminology \& Penology; Linguistics}},
Author-Email = {{dominic.watt@york.ac.uk
   philip.harrison@york.ac.uk
   vincent.hughes@york.ac.uk
   peter.french@york.ac.uk
   carmen.llamas@york.ac.uk
   Almut.Braun@bka.bund.de
   d.robertson.2@research.gla.ac.uk}},
Funding-Acknowledgement = {{UK Economic and Social Research CouncilUK Research \& Innovation
   (UKRI)Economic \& Social Research Council (ESRC) {[}ES/M010783/1]}},
Funding-Text = {{Supported by UK Economic and Social Research Council grant no.
   RES000-23-1248, 2005-2009.; Supported by UK Economic and Social Research
   Council grant no. ES/M010783/1, 2016-2019.}},
Cited-References = {{Aitken C. G. G., 2004, STAT EVALUTION SCI.
   Assoc Forensic Sci Providers, 2009, SCI JUSTICE, V49, P161, DOI 10.1016/j.scijus.2009.07.004.
   Beal JC, 2012, DIALECT ENGL, P1.
   Braun A, 2018, INT J SPEECH LANG LA, V25, P231, DOI 10.1558/ijsll.37340.
   Brummer N, 2006, COMPUT SPEECH LANG, V20, P230, DOI 10.1016/j.csl.2005.08.001.
   Caballero M., 2002, P 3 INT C LANG RES E, P892.
   Champod C., 2000, FORENSIC LINGUIST, V7, P238.
   DAVIS SB, 1980, IEEE T ACOUST SPEECH, V28, P357, DOI 10.1109/TASSP.1980.1163420.
   Dellwo V., 2018, OXFORD HDB VOICE PER, P777, DOI 10.1093/oxfordhb/9780198743187.013.36.
   Enzinger E, 2017, FORENSIC SCI INT, V277, P30, DOI 10.1016/j.forsciint.2017.05.007.
   Enzinger E, 2016, SCI JUSTICE, V56, P42, DOI 10.1016/j.scijus.2015.06.005.
   EVETT IW, 1995, SCI JUSTICE, V35, P283, DOI 10.1016/S1355-0306(95)72682-X.
   French D, 2013, ENVIRONMENTAL PROTECTION, SECURITY AND ARMED CONFLICT: A SUSTAINABLE DEVELOPMENT PERSPECTIVE, P183.
   Gold E, 2019, INT J SPEECH LANG LA, V26, P1, DOI 10.1558/ijsll.38028.
   Hansen JHL, 2015, IEEE SIGNAL PROC MAG, V32, P74, DOI 10.1109/MSP.2015.2462851.
   HUDSON T, 2007, P 16 INT C PHON SCI.
   Hughes V., 2014, THESIS.
   Hughes V, 2018, INTERSPEECH, P227, DOI 10.21437/Interspeech.2018-1649.
   Hughes V, 2018, SCI JUSTICE, V58, P250, DOI 10.1016/j.scijus.2018.03.007.
   Hughes V, 2015, SPEECH COMMUN, V66, P218, DOI 10.1016/j.specom.2014.10.006.
   Jessen M, 2019, SPEECH COMMUN, V110, P101, DOI 10.1016/j.specom.2019.04.006.
   Kinoshita Y, 2014, INT J SPEECH LANG LA, V21, P191, DOI 10.1558/ijsll.v21i2.191.
   Kunzel HJ, 2013, INT J SPEECH LANG LA, V20, P21, DOI 10.1558/ijsll.v20i1.21.
   Meuwly D., 2001, THESIS.
   Morrison GS, 2018, FORENSIC SCI INT, V283, pE1, DOI 10.1016/j.forsciint.2017.12.024.
   Morrison GS, 2012, INT J EVID PROOF, V16, P1, DOI 10.1350/ijep.2012.16.1.390.
   Nolan F, 2009, INT J SPEECH LANG LA, V16, P31, DOI 10.1558/ijsll.v16i1.31.
   Rose P, 2013, INT J SPEECH LANG LA, V20, P277, DOI 10.1558/ijsll.v20i2.277.
   Segundo E, 2019, J INT PHON ASSOC, V49, P353, DOI 10.1017/S0025100318000130.
   SMITH RL, 1975, J AM STAT ASSOC, V70, P555, DOI 10.2307/2285932.
   Snyder D., 2018, P OD 2018 SPEAK LANG, P105.
   Sohn J, 1999, IEEE SIGNAL PROC LET, V6, P1, DOI 10.1109/97.736233.
   Solewicz YA, 2017, INTERSPEECH, P2849, DOI 10.21437/Interspeech.2017-1023.
   Thompson WC, 2018, LAW PROBAB RISK, V17, P133, DOI 10.1093/lpr/mgy012.
   TIPPETT CF, 1968, J FORENSIC SCI SOC, V8, P61, DOI 10.1016/S0015-7368(68)70442-4.
   van der Vloed D., 2017, P AUD ENG SOC INT C.
   Van Leeuwen D. A., 2004, P OD 2004 SPEAK LANG, P75.
   Wells J. C, 1982, ACCENTS ENGLISH 1 IN.
   Wormald J., 2016, THESIS.}},
Number-of-Cited-References = {{39}},
Times-Cited = {{0}},
Usage-Count-Last-180-days = {{1}},
Usage-Count-Since-2013 = {{1}},
Journal-ISO = {{Int. J. Speech Lang. Law}},
Doc-Delivery-Number = {{NG5BR}},
Unique-ID = {{ISI:000563997600001}},
DA = {{2021-06-22}},
}

@article{ ISI:000558734600001,
Author = {Sunderland, Jane},
Title = {{Gender, language and prejudice: Implicit sexism in the discourse of
   Boris Johnson}},
Journal = {{OPEN LINGUISTICS}},
Year = {{2020}},
Volume = {{6}},
Number = {{1}},
Pages = {{323-333}},
Month = {{JAN}},
Abstract = {{While linguistic prejudice is commonly understood to concern individuals
   or social groups because of the way they speak, we can also see it as
   damaging language used about individuals or social groups. In this
   article, I start by looking at the traditional sociolinguistic
   understanding of linguistic prejudice, then go on to look rather widely
   at various forms of prejudicial/sexist language about women. In doing
   so, I identify various lexical asymmetries and associated ``lexical
   gaps{''}. The main part of the article takes this further by exploring
   how certain insults to men draw on an understood prejudice again women.
   I illustrate this with a ``telling case{''}: three naturally occurring
   examples of prejudicial, sexist language recently used by British prime
   minister Boris Johnson: big girl's blouse, man up and girly swot. For
   all three to work, they draw on what we might call a discourse of
   ``Women as ineffectual{''}. I conclude with a discussion of
   intentionality as regards this sort of prejudicial language use, what it
   is intended to achieve and how it can be resisted.}},
Publisher = {{DE GRUYTER POLAND SP Z O O}},
Address = {{BOGUMILA ZUGA 32A STR, 01-811 WARSAW, MAZOVIA, POLAND}},
Type = {{Article}},
Language = {{English}},
Affiliation = {{Sunderland, J (Corresponding Author), Univ Lancaster, Dept Linguist \& English Language, Lancaster LA1 4YL, Lancs, England.
   Sunderland, Jane, Univ Lancaster, Dept Linguist \& English Language, Lancaster LA1 4YL, Lancs, England.}},
DOI = {{10.1515/opli-2020-0022}},
ISSN = {{2300-9969}},
Keywords = {{asymmetry; gender; insults; intentionality; lexical gap; political
   discourse; prejudice; sexist language}},
Keywords-Plus = {{TRIAL}},
Research-Areas = {{Linguistics}},
Web-of-Science-Categories  = {{Linguistics}},
Author-Email = {{j.sunderland@lancs.ac.uk}},
Cited-References = {{Bloom Lisa, 2014, SUSPICION NATION INS.
   Cameron Deborah, 2019, LANGUAGE FEMINI 0907.
   Cameron Deborah., 1992, FEMINISM LINGUISTIC.
   Cowie C., 1981, FEMINIST REV, V9, P17, DOI DOI 10.2307/1394912.
   Crenshaw K., 1991, STANFORD LAW REV, V43, P1241, DOI {[}10.2307/1229039, DOI 10.2307/1229039].
   Eckert P., 2013, LANGUAGE GENDER.
   Finegan Edward, 2004, LANGUAGE US THEMES 2, P289.
   Foucault M., 1978, HIST SEXUALITY INTRO.
   Henley Nancy, 1975, LANGUAGE SEX DIFFERE, P64.
   Hill Collins P., 2000, BLACK FEMINIST THOUG.
   James Flood, 1991, HDB RES TEACHING ENG.
   LABOV W, 1982, LANG SOC, V11, P165, DOI 10.1017/S0047404500009192.
   Litosseliti L., 2006, GENDER LANGUAGE THEO.
   Mills S, 2008, LANGUAGE AND SEXISM, P1.
   MITCHELL JC, 1983, SOCIOL REV, V31, P187, DOI 10.1111/j.1467-954X.1983.tb00387.x.
   Rickford JR, 2016, LANGUAGE, V92, P948, DOI 10.1353/lan.2016.0078.
   Sunderland J, 2004, GENDERED DISCOURSES, P1, DOI 10.1057/9780230505582.
   Sunderland Jane, 1995, LANGUAGE GENDER INTE, P160.
   Talbot M., 2010, LANGUAGE GENDER, V2nd ed..}},
Number-of-Cited-References = {{19}},
Times-Cited = {{2}},
Usage-Count-Last-180-days = {{1}},
Usage-Count-Since-2013 = {{2}},
Journal-ISO = {{Open Linguist.}},
Doc-Delivery-Number = {{MY9JB}},
Unique-ID = {{ISI:000558734600001}},
OA = {{DOAJ Gold}},
DA = {{2021-06-22}},
}

@article{ ISI:000519544500002,
Author = {Smith, Angela},
Title = {{Just call me Dave David Cameron's perilous populist status}},
Journal = {{JOURNAL OF LANGUAGE AND POLITICS}},
Year = {{2020}},
Volume = {{19}},
Number = {{1}},
Pages = {{10-29}},
Abstract = {{This paper seeks to show how male politicians can draw on performances
   of masculinity to appeal to voters. The paper uses former UK Prime
   Minister David Cameron as an example of how performances of masculinity
   interact with the opportunistic use of populist forms of political
   engagement. It argues that while Cameron's performances of populism are
   often situated in compatible policy initiatives such as the ``big
   society{''}, we can also identify a more sustained deployment of
   masculine discourse in ``performances{''} of alignment with the people.
   This paper shows how these gendered performances of political leaders
   mirror changes in society, while exploring how they can also be
   politically hazardous. Whilst the ``new man{''} might appeal to Western
   voters, this paper shows how Cameron draws on this performance of
   masculinity in his first term as UK prime minister; at the same time,
   showing the limits to such appeal in an age of austerity.}},
Publisher = {{JOHN BENJAMINS PUBLISHING CO}},
Address = {{PO BOX 36224, 1020 ME AMSTERDAM, NETHERLANDS}},
Type = {{Article}},
Language = {{English}},
Affiliation = {{Smith, A (Corresponding Author), Univ Sunderland, Fac Media, Vardy Bldg,St Peters Campus, Sunderland SR6 0DD, Tyne \& Wear, England.
   Smith, Angela, Univ Sunderland, Language \& Culture, Sunderland, Tyne \& Wear, England.}},
DOI = {{10.1075/jlp.19084.smi}},
ISSN = {{1569-2159}},
EISSN = {{1569-9862}},
Keywords = {{masculinities; political leaders; David Cameron; media representation;
   austerity; populism}},
Keywords-Plus = {{MEDIA; POLITICIANS; IMAGES; LIVES}},
Research-Areas = {{Linguistics}},
Web-of-Science-Categories  = {{Linguistics; Language \& Linguistics}},
Author-Email = {{angela.smith@sunderland.ac.uk}},
Cited-References = {{Alexandre-Collier Agnes, 2016, JUNCTURE, V23, P1, DOI {[}10.1111/newe.12005, DOI 10.1111/NEWE.12005].
   Baxter Judith, 2007, SPEAKING OUT FEMALE.
   Brittan Arthur, 1989, MASCULINITY POWER.
   Cameron David, 2010, CAMERON CAMERON CONV.
   Cameron Deborah, 2006, LANGUAGE SEXUAL POLI.
   Cameron KS, 2006, NEW HORIZ MANAG, P1.
   Carter Cynthia., 1998, NEWS GENDER POWER.
   Chapman R., 1988, MALE ORDER UNWRAPPIN, P225.
   Coates J., 1996, WOMEN TALK CONVERSAT.
   COATES J, 1995, LANGUAGE GENDER INTE, P13.
   Cohen Nick, 1998, NEW STATESMAN.
   Connell R.W., 1995, MASCULINITIES.
   Corner J., 2003, MEDIA RESTYLING POLI, P1.
   Corner John, 2000, EUR J CULT STUD, V3, P386, DOI {[}10.1177/136754940000300306, DOI 10.1177/136754940000300306].
   Deutchman IE, 1999, MEDIA CULT SOC, V21, P33, DOI 10.1177/016344399021001002.
   Fairclough Norman., 2000, NEW LABOUR NEW LANGU.
   Finlayson, 2003, MAKING SENSE NEW LAB.
   Franklin B., 2004, PACKAGING POLITICS P.
   Higgins Michael, 2013, MEDIA POLITICAL PART, P58.
   JOHANSSON AV, 1999, TELEVISION COMMON KN, V6, P159.
   JONES N, 1999, SULTANS SPIN MEDIA N.
   King A., 2002, LEADERSPERSONALITIES, P1, DOI {[}10.1093/0199253137.001.0001, DOI 10.1093/0199253137.001.0001].
   Langer AI, 2007, PARLIAMENT AFF, V60, P371, DOI 10.1093/pa/gsm028.
   MacKinnon K., 2003, REPRESENTING MEN MAL.
   McNair Brian, 2003, NEWS JOURNALISM UK, DOI {[}10.4324/9780203596944, DOI 10.4324/9780203596944].
   Mendoza-Denton N, 2017, HAU-J ETHNOGR THEORY, V7, P423, DOI 10.14318/hau7.1.029.
   Moffitt, 2016, GLOBAL RISE POPULISM, DOI {[}10.11126/stanford/9780804796132.001.0001, DOI 10.11126/STANFORD/9780804796132.001.0001].
   Pierce A., 2008, DAILY TELEGRAPH.
   Ridge-Newman A, 2014, PALGRAVE PIVOT, P1, DOI 10.1057/9781137436511.0004.
   Savigny H, 2004, PARLIAMENT AFF, V57, P223, DOI 10.1093/pa/gsh018.
   Scammell M, 2006, MEDIA CULT SOC, V28, P763, DOI 10.1177/0163443706067025.
   Smith A, 2016, SOC SEMIOT, V26, P94, DOI 10.1080/10350330.2015.1075293.
   Smith A, 2008, BRIT POLIT, V3, P556, DOI 10.1057/bp.2008.23.
   Stanyer J, 2004, PARLIAMENT AFF, V57, P1, DOI 10.1093/pa/gsh001.
   Sunderland J, 2004, GENDERED DISCOURSES, P1, DOI 10.1057/9780230505582.
   Talbot M. M., 1998, LANGUAGE GENDER INTR.
   TANNEN D., 1991, YOU JUST DONT UNDERS.
   Tannen Deborah, 1995, TALKING FROM 9 TO 5.
   Temple M., 2006, BRIT POLIT, V1, P257.
   Van Zoonen L, 1998, HARV INT J PRESS-POL, V3, P48, DOI 10.1177/1081180X98003001005.
   Wead D., 2003, ALL PRESIDENTS CHILD.}},
Number-of-Cited-References = {{41}},
Times-Cited = {{0}},
Usage-Count-Last-180-days = {{0}},
Usage-Count-Since-2013 = {{2}},
Journal-ISO = {{J. Lang. Polit.}},
Doc-Delivery-Number = {{KU2NF}},
Unique-ID = {{ISI:000519544500002}},
OA = {{Green Accepted}},
DA = {{2021-06-22}},
}

@article{ ISI:000458497200017,
Author = {Ward, Katie},
Title = {{Style, mediation, and change: Sociolinguistic perspectives on talking
   media}},
Journal = {{LANGUAGE IN SOCIETY}},
Year = {{2019}},
Volume = {{48}},
Number = {{1}},
Pages = {{164-165}},
Month = {{FEB}},
Publisher = {{CAMBRIDGE UNIV PRESS}},
Address = {{32 AVENUE OF THE AMERICAS, NEW YORK, NY 10013-2473 USA}},
Type = {{Book Review}},
Language = {{English}},
Affiliation = {{Ward, K (Corresponding Author), Univ Sunderland, Dept Culture, Sir Tom Cowie Campus,St Peters Way, Sunderland SR6 0DD, Tyne \& Wear, England.
   Ward, Katie, Univ Sunderland, Dept Culture, Sir Tom Cowie Campus,St Peters Way, Sunderland SR6 0DD, Tyne \& Wear, England.}},
DOI = {{10.1017/S004740451800129X}},
ISSN = {{0047-4045}},
EISSN = {{1469-8013}},
Research-Areas = {{Linguistics; Sociology}},
Web-of-Science-Categories  = {{Linguistics; Sociology}},
Author-Email = {{katie.ward@research.sunderland.ac.uk}},
Cited-References = {{Coupland Nikolas, 2017, STYLE MEDIATION CHAN.}},
Number-of-Cited-References = {{1}},
Times-Cited = {{0}},
Usage-Count-Last-180-days = {{1}},
Usage-Count-Since-2013 = {{1}},
Journal-ISO = {{Lang. Soc.}},
Doc-Delivery-Number = {{HL1XG}},
Unique-ID = {{ISI:000458497200017}},
DA = {{2021-06-22}},
}

@article{ ISI:000452494300005,
Author = {Braun, Almut and Llamas, Carmen and Watt, Dominic and French, Peter and
   Robertson, Duncan},
Title = {{Sub-regional `other-accent' effects on lay listeners' speaker
   identification abilities: a voice line-up study with speakers and
   listeners from the North East of England}},
Journal = {{INTERNATIONAL JOURNAL OF SPEECH LANGUAGE AND THE LAW}},
Year = {{2018}},
Volume = {{25}},
Number = {{2}},
Pages = {{231-255}},
Abstract = {{Previous studies have shown that listeners perform worse in speaker
   identification experiments when they are unfamiliar with the accents of
   the speakers. Such effects have been documented for listeners hearing
   unfamiliar foreign languages (language familiarity effect) and
   unfamiliar regional accents ('other-accent' effect). The present study
   investigates the `other-accent' effect at a sub-regional level.
   Listeners from three different localities (Newcastle, Sunderland and
   Middlesbrough) within the same greater dialectal region (the North East
   of England) participated in one of three target-present voice line-ups
   using samples spoken by speakers from one of the three localities.
   Listeners who heard a voice line-up in their own local accent (in-group
   listeners) missed the target speaker's voice significantly less often
   than listeners who heard a voice line-up comprised of speakers of one of
   the other two local accents (out-group listeners). The proportions of
   correct hits and false alarms were approximately similar across in-group
   and out-group listeners.}},
Publisher = {{EQUINOX PUBLISHING LTD}},
Address = {{415, THE WORKSTATION, 15 PATERNOSTER ROW, SHEFFIELD, S1 2BX, ENGLAND}},
Type = {{Article}},
Language = {{English}},
Affiliation = {{Braun, A (Corresponding Author), Univ York, TUULS Project, York, N Yorkshire, England.
   Braun, Almut, Univ York, TUULS Project, York, N Yorkshire, England.
   Llamas, Carmen, Univ York, Sociolinguist, York, N Yorkshire, England.
   Watt, Dominic, Univ York, Forens Speech Sci, York, N Yorkshire, England.
   French, Peter, Univ York, Dept Language \& Linguist Sci, Forens Speech Sci, York, N Yorkshire, England.
   Robertson, Duncan, Univ York, York, N Yorkshire, England.}},
DOI = {{10.1558/ijsll.37340}},
ISSN = {{1748-8885}},
EISSN = {{1748-8893}},
Keywords = {{`OTHER-ACCENT' EFFECT; IN-GROUP BIAS; VOICE LINE-UP; VOICE PARADE; NORTH
   EAST ENGLAND}},
Keywords-Plus = {{OUT-GROUP HOMOGENEITY; OWN-RACE; TABLES}},
Research-Areas = {{Criminology \& Penology; Linguistics}},
Web-of-Science-Categories  = {{Criminology \& Penology; Linguistics}},
Author-Email = {{almut.braun@york.ac.uk
   carmen.llamas@york.ac.uk
   dominic.watt@york.ac.uk
   peter.french@york.ac.uk
   d.robertson@york.ac.uk}},
Funding-Acknowledgement = {{ESRCUK Research \& Innovation (UKRI)Economic \& Social Research Council
   (ESRC) {[}ES/M010783/1]}},
Funding-Text = {{This work was supported by ESRC Grant ES/M010783/1. We thank all
   participants and pretest listeners for taking part in our study.
   Furthermore, we thank our anonymous reviewers for their helpful feedback
   on this article.}},
Cited-References = {{{[}Anonymous], 2018, OXFORD ENGLISH DICT.
   Atkinson John, 2011, THESIS.
   Atkinson N., 2015, THESIS.
   Beal JC, 2012, DIALECT ENGL, P1.
   Braun A., 2016, THESIS, DOI {[}10.1007/978-3-658-15198-0, DOI 10.1007/978-3-658-15198-0].
   Burbano-Elizondo Lourdes, 2008, THESIS.
   Campbell I, 2007, STAT MED, V26, P3661, DOI 10.1002/sim.2832.
   CHANCE JE, 1981, PERS SOC PSYCHOL B, V7, P475, DOI 10.1177/014616728173017.
   Fecher N, 2018, J ACOUST SOC AM, V143, P2409, DOI 10.1121/1.5032199.
   Home Office, 2003, 0572003 UK HOM OFF.
   JUDD CM, 1988, J PERS SOC PSYCHOL, V54, P778, DOI 10.1037/0022-3514.54.5.778.
   Kerstholt JH, 2006, APPL COGNITIVE PSYCH, V20, P187, DOI 10.1002/acp.1175.
   KERSWILL PE, 1987, J LINGUIST, V23, P25, DOI 10.1017/S0022226700011026.
   Llamas C.M., 2001, THESIS.
   Mathot S, 2012, BEHAV RES METHODS, V44, P314, DOI 10.3758/s13428-011-0168-7.
   Montgomery Christopher, 2007, THESIS.
   MYERS DG, 2001, PSYCHOLOGY.
   Nolan F., 2003, INT J SPEECH LANGUAG, V10, P277, DOI {[}http://dx.doi.org/10.1558/sll.2003.10.2.277, DOI 10.1558/SLL.2003.10.2.277].
   Ohman L, 2010, EUR J PSYCHOL APPL L, V2, P161.
   ORCHARD TL, 1995, APPL COGNITIVE PSYCH, V9, P249, DOI 10.1002/acp.2350090306.
   PARK B, 1982, J PERS SOC PSYCHOL, V42, P1051, DOI 10.1037/0022-3514.42.6.1051.
   Richardson JTE, 2011, STAT MED, V30, P890, DOI 10.1002/sim.4116.
   Stevenage SV, 2014, PSYCHOL BELG, V54, P266, DOI 10.5334/pb.ar.
   Stevenage SV, 2012, J COGN PSYCHOL, V24, P647, DOI 10.1080/20445911.2012.675321.
   Vanags T, 2005, APPL COGNITIVE PSYCH, V19, P1127, DOI 10.1002/acp.1160.
   Vermeulen J., 2018, 27 C INT ASS FOR PHO.
   Walker PM, 2003, PERCEPTION, V32, P1117, DOI 10.1068/p5098.
   Watt D., 1998, THESIS.}},
Number-of-Cited-References = {{28}},
Times-Cited = {{1}},
Usage-Count-Last-180-days = {{0}},
Usage-Count-Since-2013 = {{2}},
Journal-ISO = {{Int. J. Speech Lang. Law}},
Doc-Delivery-Number = {{HD4JT}},
Unique-ID = {{ISI:000452494300005}},
OA = {{Green Accepted}},
DA = {{2021-06-22}},
}

@article{ ISI:000429242200002,
Author = {Smith, Angela},
Title = {{Bulging biceps and tender kisses: the sexualisation of fatherhood}},
Journal = {{SOCIAL SEMIOTICS}},
Year = {{2018}},
Volume = {{28}},
Number = {{3}},
Pages = {{315-329}},
Abstract = {{This article explores recent developments in masculinity, focusing on
   the sexualisation of fatherhood in Anglophone media. As it becomes
   socially acceptable for men to engage with hands-on fatherhood roles
   that had previously been primarily associated with motherhood, the
   appeal lies not just in this shift in gendered performance, but the
   representation of this as an opportunity for men to reveal a desirably
   body image. Where previously the hands-on fatherhood role had been
   glossed as nappy changing duties, this more recent development focuses
   on men's bodies and in particular the act of carrying a young child
   which affords the chance for biceps to be flexed in juxtaposition with
   the gentle act of holding a child. Colloquially, this has led to the
   emergence of the DILF, particularly on social media where sites are
   devoted to photos of such men.}},
Publisher = {{ROUTLEDGE JOURNALS, TAYLOR \& FRANCIS LTD}},
Address = {{2-4 PARK SQUARE, MILTON PARK, ABINGDON OX14 4RN, OXON, ENGLAND}},
Type = {{Article}},
Language = {{English}},
Affiliation = {{Smith, A (Corresponding Author), Univ Sunderland, Fac Educ \& Soc, Sunderland, Tyne \& Wear, England.
   Smith, Angela, Univ Sunderland, Fac Educ \& Soc, Sunderland, Tyne \& Wear, England.}},
DOI = {{10.1080/10350330.2017.1295868}},
ISSN = {{1035-0330}},
EISSN = {{1470-1219}},
Keywords = {{Masculinity; sexualisation of fatherhood; the DILF; male body image}},
Research-Areas = {{Arts \& Humanities - Other Topics; Communication; Linguistics}},
Web-of-Science-Categories  = {{Humanities, Multidisciplinary; Communication; Linguistics}},
Author-Email = {{angela.smith@sunderland.ac.uk}},
Cited-References = {{Benwell B., 2004, MEN MASC, V7, P3, DOI DOI 10.1177/1097184X03257438.
   Carpenter C., 2016, MAIL SUNDAY     0709.
   Caryle R., 2016, TIMES.
   Chapman R., 1988, MALE ORDER UNWRAPPIN, P193.
   Coates J., 1996, WOMEN TALK CONVERSAT.
   COATES J, 1995, LANGUAGE GENDER INTE, P13.
   Daily Mail Australia Reporter, 2015, DAILY MAIL AUST 1229.
   Edge S., 2014, MASCULINITY IRISH PO, P195.
   Elliott K, 2016, MEN MASC, V19, P240, DOI 10.1177/1097184X15576203.
   Fairclough N., 2010, CRITICAL DISCOURSE A.
   Foucault Michel, 1980, POWER KNOWLEDGE.
   HEARN J, 1983, BIRTH AFTERBIRTH MAT.
   Heritage S., 2014, GUARDIAN.
   Heritage S., 2015, GUARDIAN.
   Jeffords, 1994, HARD BODIES HOLLYWOO.
   Kilmartin C., 2000, THE MASCULINE SELF.
   Lee J. Y., 2016, PSYCHOL MEN MAS 1006.
   Litosseliti L., 2002, GENDER IDENTITY DISC, P68.
   Lupton D., 1997, CONSTRUCTING FATHERH.
   Milmo Cahal, 2007, INDEPENDENT.
   Olivardia R., 2004, PSYCHOL MEN MASCULIN, V5, P112, DOI {[}10.1037/1524-9220.5.2.112, DOI 10.1037/1524-9220.5.2.112].
   Pedersen A, 1990, BEING FATHER FAMILY.
   Pustetto M., 2015, DAILY MAIL AUST 1205.
   Richardson Niall, 2010, TRANSGRESSIVE BODIES.
   Rochlen AB, 2008, PSYCHOL MEN MASCULIN, V9, P193, DOI 10.1037/a0012510.
   Seidler V., 1997, MAN ENOUGH EMBODYING.
   Smith A., 2011, MEDIATED POLITICS CU.
   Smith A, 2016, SOC SEMIOT, V26, P94, DOI 10.1080/10350330.2015.1075293.
   Smith A, 2008, BRIT POLIT, V3, P556, DOI 10.1057/bp.2008.23.
   Smith C, 2007, ONE FOR THE GIRLS: THE PLEASURES AND PRACTICES OF READING WOMENS PORN, P1.
   Sunderland J, 2004, GENDERED DISCOURSES, P1, DOI 10.1057/9780230505582.
   TANNEN D., 1991, YOU JUST DONT UNDERS.
   Tannen Deborah, 1995, TALKING FROM 9 TO 5.
   Tasker, 1993, SPECTACULAR BODIES G.
   Thomas K., 2015, MAIL ONLINE     0919.
   Valadez B., 2016, DAILY MAIL.
   Waheed J., 2016, DOTING DAD J GOORDON.
   Watz A., 2017, PARADOXICAL PLEASURE.
   Wiess G., 2003, CRITICAL DISCOURSE A.}},
Number-of-Cited-References = {{39}},
Times-Cited = {{1}},
Usage-Count-Last-180-days = {{0}},
Usage-Count-Since-2013 = {{1}},
Journal-ISO = {{Soc. Semiot.}},
Doc-Delivery-Number = {{GB7GF}},
Unique-ID = {{ISI:000429242200002}},
OA = {{Green Accepted}},
DA = {{2021-06-22}},
}

@article{ ISI:000376397700002,
Author = {Allbutt, John and Ling, Jonathan},
Title = {{Adult College Learners of British Sign Language: Educational Provision
   and Learner Self-Report Variables Associated with Exam Success}},
Journal = {{SIGN LANGUAGE STUDIES}},
Year = {{2016}},
Volume = {{16}},
Number = {{3}},
Pages = {{330-360}},
Month = {{SPR}},
Abstract = {{This study investigated educational provision and learner self-report
   factors associated with exam success for adult learners of British Sign
   Language (BSL) who were enrolled in either Level 1 or Level 2 courses.
   These levels are equivalent to the first and second year of a United
   Kingdom General Certificate of Secondary Education qualification. Two
   hundred thirty-five students from three further education colleges
   answered a self-report questionnaire covering a range of variables.
   Analysis of the data suggests that: (1) success rates differed markedly
   for Levels 1 and 2; (2) enhancements of educational provision, such as
   the use of extra conversational classes, appeared to play a role in
   increasing exam success rates; (3) individual factors associated with
   exam success varied between course level and between types of provision;
   (4) variables related to exam success at Level 2 were more numerous and
   more specifically related to the learning of sign language than those
   seen at Level 1; and (5) effect sizes seen for enhancements of
   educational provision were larger than for individual characteristics.
   These results offer insights into the factors that affect the success
   rates of people learning sign language.}},
Publisher = {{GALLAUDET UNIV PRESS}},
Address = {{800 FLORIDA AVE NE, WASHINGTON, DC 20002 USA}},
Type = {{Article}},
Language = {{English}},
Affiliation = {{Allbutt, J (Corresponding Author), Univ Salford, Psychol, Salford M5 4WT, Lancs, England.
   Allbutt, John, Univ Salford, Psychol, Salford M5 4WT, Lancs, England.
   Ling, Jonathan, Univ Sunderland, Publ Hlth, Sunderland SR2 7EE, Durham, England.}},
DOI = {{10.1353/sls.2016.0006}},
ISSN = {{0302-1475}},
EISSN = {{1533-6263}},
Research-Areas = {{Linguistics}},
Web-of-Science-Categories  = {{Linguistics}},
ResearcherID-Numbers = {{Ling, Jonathan/AAY-4098-2020}},
ORCID-Numbers = {{Ling, Jonathan/0000-0003-2932-4474}},
Cited-References = {{Bergfeld-Mills C., 1980, SIGN LANGUAGE STUDIE, V26, P15, DOI {[}10.1353/sls.1980.001, DOI 10.1353/SLS.1980.0011].
   BINKLEY C, 2011, DEFENSE LANGUAGE I F.
   Buisson GJ, 2007, AM ANN DEAF, V152, P331, DOI 10.1353/aad.2007.0025.
   COHEN BH, 1990, J MENTAL IMAGERY, V14, P101.
   Cohen J., 1988, STAT POWER ANAL BEHA.
   Coolican H., 2014, RES METHODS STAT PSY.
   Costa P.T., 1985, NEO PERSONALITY INVE.
   Council for the Advancement of Communication with Deaf People, CACDP QUAL.
   Dornyei Z., 2005, PSYCHOL LANGUAGE LEA.
   Eysenck H.J., 1985, PERSONALITY INDIVIDU.
   Field A., 2013, DISCOVERING STAT IBM.
   Furman N. D., 2010, ENROLLMENTS LANGUAGE.
   Gardner Robert C., 2001, MOTIVATION 2 LANGUAG, P1.
   HORWITZ EK, 1986, TESOL QUART, V20, P559, DOI 10.2307/3586302.
   Jacobs R., 1996, MULTICULTURAL ASPECT, P183.
   Kappe R, 2012, EUR J PSYCHOL EDUC, V27, P605, DOI 10.1007/s10212-011-0099-9.
   Kaul T, 2014, TEACHING AND LEARNING SIGNED LANGUAGES: INTERNATIONAL PERSPECTIVES AND PRACTICES, P129.
   Kemp M, 1998, AM ANN DEAF, V143, P255, DOI 10.1353/aad.2012.0157.
   Kyle J.G., 1985, SIGN LANGUAGE STUDY, DOI Cambridge.
   Lang H, 1996, J Deaf Stud Deaf Educ, V1, P137.
   Llewellyn-Jones P., 1981, SIGN LANGUAGE STUDIE, V31, P155, DOI {[}10.1353/sls.1982.0010, DOI 10.1353/SLS.1982.0010].
   Locker McKee R., 1992, SIGH LANGUAGE STUDIE, V75, P129, DOI DOI 10.1353/SLS.1992.0000.
   Lopez M. J., 2007, INTERPRETING, V9, P71, DOI {[}10.1075/intp.9.1.05lop, DOI 10.1075/INTP.9.1.05LOP].
   McKee D, 2014, TEACHING AND LEARNING SIGNED LANGUAGES: INTERNATIONAL PERSPECTIVES AND PRACTICES, P1.
   McKinley J. C., 1971, CUESTIONARIO PERSONA.
   Paulhus D. L., 2007, HDB RES METHODS PERS, P224, DOI DOI 10.1017/CBO9780511996481.
   Peterson R., 2009, UNLEARNING CURVE LEA.
   Pfanner N., 2000, P 13 NAT C INT TRAIN, P76.
   Pivac L, 2014, TEACHING AND LEARNING SIGNED LANGUAGES: INTERNATIONAL PERSPECTIVES AND PRACTICES, P197.
   Quinto-Pozos D, 2011, ANNU REV APPL LINGUI, V31, P137, DOI 10.1017/S0267190511000195.
   QUINTOPOZOS D, 2005, SIGN LANGUAGE INTERP, P159, DOI DOI 10.1093/ACPROF/9780195176940.003.0007.
   Segalowitz N., 1997, TUTORIALS BILINGUALI, P85.
   SLIKE SB, 1989, AM ANN DEAF, V134, P288, DOI 10.1353/aad.2012.0694.
   Thoryk R, 2010, SIGN LANG STUD, V11, P100, DOI 10.1353/sls.2010.0002.
   Viera AJ, 2005, FAM MED, V37, P360.
   WECHSLER D, 1995, ESCALA INTELIGENCIA.
   WITKIN HA, 1950, J PERS, V19, P1, DOI 10.1111/j.1467-6494.1950.tb01084.x.
   Woodward J., 1972, SIGN LANG STUD, V1, P1, DOI {[}DOI 10.1353/SLS.1972.0004, 10.1353/sls.1972.0004].}},
Number-of-Cited-References = {{38}},
Times-Cited = {{1}},
Usage-Count-Last-180-days = {{0}},
Usage-Count-Since-2013 = {{0}},
Journal-ISO = {{Sign Lang. Stud.}},
Doc-Delivery-Number = {{DM5NX}},
Unique-ID = {{ISI:000376397700002}},
DA = {{2021-06-22}},
}

@article{ ISI:000366210200006,
Author = {Smith, Angela},
Title = {{Mediated political masculinities: the commander-in-chief vs. the new man}},
Journal = {{SOCIAL SEMIOTICS}},
Year = {{2016}},
Volume = {{26}},
Number = {{1}},
Pages = {{94-110}},
Month = {{JAN 1}},
Abstract = {{The media play a very influential role in our perceptions of our
   political leaders, irrespective of where in the world they appear. Since
   the latter part of the twentieth century, our leaders' personalities
   came to play an increasing role in their appeal, in particularly their
   gendered performances. As Barack Obama's presidency draws to the end of
   its second term, this paper will examine the representation of his
   persona in the context of the election in 2008 when he became the first
   Black US president. Much has been written of him being the first Black
   president of the USA, however, if we explore his campaign through a
   gendered lens, we can see that he is equally revolutionary. This
   contrasts with the gendered construction of male political leaders in
   other parts of the world, particularly that of Vladimir Putin in Russia.
   Building on work carried out in relation to the mediatisation and
   personalisation of politics in the last 50 years, this article shows how
   gendered performances can be seen to mirror changes in society.}},
Publisher = {{ROUTLEDGE JOURNALS, TAYLOR \& FRANCIS LTD}},
Address = {{2-4 PARK SQUARE, MILTON PARK, ABINGDON OX14 4RN, OXON, ENGLAND}},
Type = {{Article}},
Language = {{English}},
Affiliation = {{Smith, A (Corresponding Author), Univ Sunderland, Dept Culture, Sunderland SR2 7EE, Durham, England.
   Smith, Angela, Univ Sunderland, Dept Culture, Sunderland SR2 7EE, Durham, England.}},
DOI = {{10.1080/10350330.2015.1075293}},
ISSN = {{1035-0330}},
EISSN = {{1470-1219}},
Keywords = {{Feminism; masculinities; political leaders; Barack Obama; Vladimir
   Putin; media representation}},
Keywords-Plus = {{LIVES}},
Research-Areas = {{Arts \& Humanities - Other Topics; Communication; Linguistics}},
Web-of-Science-Categories  = {{Humanities, Multidisciplinary; Communication; Linguistics}},
Author-Email = {{angela.smith@sunderland.ac.uk}},
ORCID-Numbers = {{Smith, Angela/0000-0002-2013-8395}},
Cited-References = {{Baxter J, 2005, SPEAKING OUT: THE FEMALE VOICE IN PUBLIC CONTEXTS, P1, DOI 10.1057/9780230522435.
   Benwell Bethan, 2003, MASCULINITY MENS LIF.
   Brittan Arthur, 1989, MASCULINITY POWER.
   Butler J., 1999, GENDER TROUBLE.
   CALDASCOULTHARD CR, 1995, LANGUAGE GENDER INTE, P226.
   Cameron Deborah, 2006, LANGUAGE SEXUAL POLI.
   Carter Cynthia., 1998, NEWS GENDER POWER.
   Chapman Rowena, 1988, MALE ORDER UNWRAPPIN.
   COATES J, 1995, LANGUAGE GENDER INTE, P13.
   Colton Timothy J., 2002, LEADERS PERSONALITIE, P184.
   Corner J., 2003, MEDIA RESTYLING POLI, P1.
   Corner John, 2000, EUR J CULT STUD, V3, P386, DOI {[}10.1177/136754940000300306, DOI 10.1177/136754940000300306].
   Deacon David, 2006, BRIT POLIT, V1, P222, DOI DOI 10.1057/PALGRAVE.BP.4200020.
   Deutchman IE, 1999, MEDIA CULT SOC, V21, P33, DOI 10.1177/016344399021001002.
   Fairclough N., 2001, LANGUAGE POWER.
   Fairclough Norman., 2000, NEW LABOUR NEW LANGU.
   Finlayson, 2003, MAKING SENSE NEW LAB.
   Ford Richard Thompson, 2009, DU BOIS REV, V8, P37, DOI {[}10.1017/S1742058X09090146, DOI 10.1017/S1742058X09090146].
   Franklin B., 2004, PACKAGING POLITICS P.
   Gessen M, 2012, MAN FACE UNLIKELY RI.
   Gill J, 2013, POLIT RELIG, V6, P303, DOI 10.1017/S1755048312000673.
   Holland Patricia, 1987, BOXED WOMEN TELEVISI, P48.
   Jeffries MP, 2013, PAINT WHITE HOUSE BL.
   Johansson AV, 1999, ERCOFTAC SER, V6, P159.
   JONES N, 1999, SULTANS SPIN MEDIA N.
   King A, 2002, LEADERS PERSONALITIE, P44.
   Langer A., 2007, PARLIAMENT AFF, V60, P371, DOI DOI 10.1093/PA/GSM028.
   MacKinnon K., 2003, REPRESENTING MEN MAL.
   McNair B, 2003, NEWS JOURNALISM UK.
   Moore Susan, 1998, MALE ORDER UNWRAPPIN, P165.
   Obama Barack, 2007, AUDACITY HOPE THOUGH.
   Pedersen A, 1990, BEING FATHER FAMILY.
   Pirani S., 2010, CHANGE PUTINS RUSSIA.
   Savigny H, 2004, PARLIAMENT AFF, V57, P223, DOI 10.1093/pa/gsh018.
   Scammell M, 2006, MEDIA CULT SOC, V28, P763, DOI 10.1177/0163443706067025.
   Shriver George H., 2012, LECT SERIES RELIG AM, P270.
   Smith A, 2008, BRIT POLIT, V3, P556, DOI 10.1057/bp.2008.23.
   Stanyer J, 2004, PARLIAMENT AFF, V57, P1, DOI 10.1093/pa/gsh001.
   Street J., 2004, BRIT J POLITICAL INT, V6, P435, DOI DOI 10.1111/J.1467-856X.2004.00149.X.
   Sunderland Jane, 2002, GENDERED DISCOURSES.
   Talbot M. M., 1998, LANGUAGE GENDER INTR.
   TANNEN D., 1991, YOU JUST DONT UNDERS.
   Temple M., 2006, BRIT POLIT, V1, P257.
   Tesler M, 2013, J POLIT, V75, P110, DOI 10.1017/S0022381612000904.
   Thompson, 1995, MEDIA MODERNITY.
   Treisman D, 2011, AM J POLIT SCI, V55, P590, DOI 10.1111/j.1540-5907.2010.00500.x.
   Van Dijk TA., 2001, HDB DISCOURSE ANAL, P349, DOI DOI 10.1002/9780470753460.CH19.
   Van Zoonen L, 1998, HARV INT J PRESS-POL, V3, P48, DOI 10.1177/1081180X98003001005.
   Wead D., 2003, ALL PRESIDENTS CHILD.
   Wood EA, 2011, SOV POST SOV REV, V38, P172, DOI 10.1163/187633211X591175.}},
Number-of-Cited-References = {{50}},
Times-Cited = {{10}},
Usage-Count-Last-180-days = {{0}},
Usage-Count-Since-2013 = {{15}},
Journal-ISO = {{Soc. Semiot.}},
Doc-Delivery-Number = {{CY2AF}},
Unique-ID = {{ISI:000366210200006}},
DA = {{2021-06-22}},
}

@article{ ISI:000357316000007,
Author = {Durkin, Philip},
Title = {{Mackems, Geordies and ram-raiders: documenting regional variation in
   historical dictionaries}},
Journal = {{ENGLISH LANGUAGE \& LINGUISTICS}},
Year = {{2015}},
Volume = {{19}},
Number = {{2, SI}},
Pages = {{313-326}},
Month = {{JUL}},
Abstract = {{The article examines the challenges encountered by historical
   dictionaries in documenting regional variation in lexis, and in
   recording and describing the association of lexical items with
   particular regionally based linguistic identities. After a short section
   looking at general issues in labelling the regional distribution and
   provenance of lexical items in historical dictionaries, it looks in
   detail at the OED's treatment of three test cases: Mackem ``person from
   Sunderland or Wearside'; pet as a term of endearment or form of address;
   and ram-raid and related terms. All three have some connection with the
   north-east of England, but this differs greatly in each case: ram-raid
   (probably) originated in Tyneside, but there is now little awareness of
   this either inside or outside the north-east; pet did not originate in
   the north-east, nor is it restricted to use in this region, but it is
   widely recognized as a marker of north-eastern (or sometimes
   specifically Tyneside) linguistic identity; Mackem has little currency
   outside the north-east, but within the region it has some importance in
   signalling a distinctive Sunderland or Wearside linguistic and cultural
   identity. The article places these different lexical histories in the
   context of current research on enregisterment of lexis, and examines how
   definitions, labelling, descriptive notes and carefully selected
   quotation evidence can all be pressed into service in attempting to
   present nuanced accounts of the histories of such lexical items in a
   historical dictionary.}},
Publisher = {{CAMBRIDGE UNIV PRESS}},
Address = {{EDINBURGH BLDG, SHAFTESBURY RD, CB2 8RU CAMBRIDGE, ENGLAND}},
Type = {{Article}},
Language = {{English}},
Affiliation = {{Durkin, P (Corresponding Author), Oxford Univ Press, Oxford English Dictionary, Great Clarendon St, Oxford OX2 6DP, England.
   Oxford Univ Press, Oxford English Dictionary, Oxford OX2 6DP, England.}},
DOI = {{10.1017/S1360674315000088}},
ISSN = {{1360-6743}},
EISSN = {{1469-4379}},
Research-Areas = {{Linguistics}},
Web-of-Science-Categories  = {{Linguistics; Language \& Linguistics}},
Author-Email = {{philip.durkin@oup.com}},
Funding-Acknowledgement = {{Grants-in-Aid for Scientific ResearchMinistry of Education, Culture,
   Sports, Science and Technology, Japan (MEXT)Japan Society for the
   Promotion of ScienceGrants-in-Aid for Scientific Research (KAKENHI)
   {[}23520584, 24720223] Funding Source: KAKEN}},
Cited-References = {{Agha A, 2003, LANG COMMUN, V23, P231, DOI 10.1016/S0271-5309(03)00012-0.
   Angus McIntosh, 1986, LINGUISTIC ATLAS LAT.
   Beal J, 2012, ENGL TODAY, V28, P10, DOI 10.1017/S0266078412000351.
   Beal JC, 2009, AM SPEECH, V84, P138, DOI 10.1215/00031283-2009-012.
   Beal Joan C., 2010, INTRO REGIONAL ENGLI.
   Beal Joan C., 2012, URBAN N E ENGLISH TY.
   Burchfield Robert W., 1987, STUDIES LEXICOGRAPHY.
   Cassidy Frederic G., 1985, DICT AM REGIONAL ENG.
   Chris Montgomery, 2012, DIALECTOLOGICAL FOLK, p164 .
   Clive Upton, 1994, SURVEY ENGLISH DIALE.
   Durkin P, 2012, ENGL TODAY, V28, P3, DOI 10.1017/S0266078412000375.
   Elizabeth Baker Anne, 1854, GLOSSARY NORTHAMPTON.
   Franz Wenisch, 1979, SPEZIFISCH ANGLISCHE.
   Graue Gerald C., 1976, RECENT RES AM MUSIC, V3-4.
   Holliday J, 2013, J INF SCI, V39, P26, DOI 10.1177/0165551512470049.
   Jonathan Bate, 2003, J CLARE BIOGRAPHY.
   Katie Wales, 2006, NO ENGLISH.
   Lyle Campbell, 2004, HIST LINGUISTICS INT, V2nd.
   Margaret Laing, 2006, HDB HIST ENGLISH, P417.
   Peter Trudgill, 1999, DIALECTS ENGLAND.
   Philip Durkin, 2014, BORROWED WORDS HIST.
   Philip Durkin, 2009, OXFORD GUIDE ETYMOLO.
   Philip Durkin, 2010, JOSEPH WRIGHTS ENGLI, P201.
   Philip Durkin, 2010, VARIETIES WRITING WR, P43, DOI 10.1075/veaw.g41.
   Richard Dance, 2003, WORDS DERIVED OLD NO.
   Thomas Alan R., 1997, COMPUTER DEV LINGUIS, VII, P67.
   Thomas Sternberg, 1851, DIALECT FOLK LORE NO.
   Wakelin Martyn F., 1987, TREATMENT DIALECT EN, P156.
   Wieling M, 2014, LIT LINGUIST COMPUT, V29, P107, DOI 10.1093/llc/fqt009.
   Wolfgang Viereck, 1986, LINGUISTICS HIST GEO, V1, p725 , DOI {[}10.1515/9783110856132, DOI 10.1515/9783110856132].
   Wright Joseph, 1898, ENGLISH DIALECT DICT.}},
Number-of-Cited-References = {{31}},
Times-Cited = {{1}},
Usage-Count-Last-180-days = {{0}},
Usage-Count-Since-2013 = {{5}},
Journal-ISO = {{Engl. Lang. Linguist.}},
Doc-Delivery-Number = {{CL9RO}},
Unique-ID = {{ISI:000357316000007}},
DA = {{2021-06-22}},
}

@article{ ISI:000364736900006,
Author = {Pearce, Michael},
Title = {{Mam or mum? Sociolinguistic awareness and language-ideological debates
   online}},
Journal = {{SOCIOLINGUISTIC STUDIES}},
Year = {{2015}},
Volume = {{9}},
Number = {{1}},
Pages = {{115-135}},
Abstract = {{The technological advances associated with Web 2.0 allow people to
   interact in online `communities' built around shared interests and
   concerns. So far, research in language attitudes and folk linguistics
   has made only limited use of naturally occurring discourse in these
   environments. This article examines an online messageboard virtually
   located in North East England, and explores the ways in which
   participants' beliefs about and attitudes towards sociolinguistic
   variation emerge through discourse. I focus on a single `conversation',
   revealing the language ideologies which inform the sociolinguistic
   awareness of participants, and conclude by using the concept of `late
   modernity' as an `interpretive frame' (Harris, 2011) to help understand
   what is happening as people appropriate a global technology for local
   social action.}},
Publisher = {{EQUINOX PUBLISHING LTD}},
Address = {{415, THE WORKSTATION, 15 PATERNOSTER ROW, SHEFFIELD, S1 2BX, ENGLAND}},
Type = {{Article}},
Language = {{English}},
Affiliation = {{Pearce, M (Corresponding Author), Univ Sunderland, English Language, Sunderland SR2 7EE, Durham, England.
   Univ Sunderland, English Language, Sunderland SR2 7EE, Durham, England.}},
DOI = {{10.1558/sols.v9i1.19374}},
ISSN = {{1750-8649}},
EISSN = {{1750-8657}},
Keywords = {{LANGUAGE IDEOLOGIES; SOCIOLINGUISTIC AWARENESS; LATE MODERNITY; FOLK
   DISCOURSE; LANGUAGE ATTITUDES}},
Keywords-Plus = {{NORTH-EAST ENGLAND; DIALECT}},
Research-Areas = {{Linguistics}},
Web-of-Science-Categories  = {{Linguistics}},
Author-Email = {{mike.pearce@sunderland.ac.uk}},
Cited-References = {{Barton David, 2013, LANGUAGE ONLINE INVE.
   Beal JC, 2009, J ENGL LINGUIST, V37, P223, DOI 10.1177/0075424209340014.
   Billinge M., 2004, GEOGRAPHIES ENGLAND.
   Blackledge A., 2010, PRACTICE POLITICS MU, P301.
   Britain D., 2010, HDB LANGUAGE CONTACT, P208, DOI 10.1002/9781444318159.ch10.
   Bucholtz M, 2008, J ENGL LINGUIST, V36, P62, DOI 10.1177/0075424207311721.
   Cameron D., 2006, ENCY LANGUAGE LINGUI, V13, P407.
   Chouliaraki L., 1999, DISCOURSE LATE MODER.
   Davison D., ANAL OLDER ENGLISH.
   Deleuze G., 2004, 1000 PLATEAUS CAPITA.
   Duranti A., 1997, LINGUISTIC ANTHR.
   Eckert P, 2008, J SOCIOLING, V12, P453, DOI 10.1111/j.1467-9841.2008.00374.x.
   Edwards J., 2009, LANGUAGE IDENTITY.
   Garrett P., 2010, ATTITUDES LANGUAGE.
   Garrett P, 2005, SOZIOLINGUISTIK, PART 2, P1251.
   Harris R, 2011, ROUT HANDB APPL, P344.
   Heller M, 2005, SOZIOLINGUISTIK, PART 2, P1582.
   Heslop RO, 1892, NORTHUMBERLAND WORDS, V1-2.
   Hinskens Frans, 2005, DIALECT CHANGE CONVE, P1, DOI DOI 10.1017/CBO9780511486623.003.
   James A, 2008, EUR J ENGL STUD, V12, P97, DOI 10.1080/13825570801900596.
   Johnson S., 2008, EXPLORING GERMAN LAN.
   Johnstone B., 2013, HDB LANGUAGE GLOBALI, P386, DOI {[}10.1002/9781444324068.ch17, DOI 10.1002/9781444324068.CH17].
   Johnstone B., 2006, J ENGL LINGUIST, V34, P77, DOI {[}DOI 10.1177/0075424206290692, 10.1177/0075424206290692].
   Johnstone B, 2011, LANG COMMUN, V31, P3, DOI 10.1016/j.langcom.2010.08.010.
   Kerswill P., 2003, SOCIAL DIALECTOLOGY, P223, DOI DOI 10.1075/IMPACT.16.
   Mair C., 2006, 20 CENTURY ENGLISH H.
   Milani Tommaso, 2010, LANGUAGE IDEOLOGIES, P3.
   Milroy J., 2000, DEV STANDARD ENGLISH, P11.
   Milroy James, 2005, LINGUISTIC PURISM GE, P324, DOI DOI 10.1515/9783110901351.324.
   Milroy James, 1994, ENGL WORLD-WIDE, V15, P1, DOI DOI 10.1075/EWW.15.1.02MIL.
   MILROY L, 2004, SOCIOLINGUISTIC VARI, P161.
   MILROY Lesley, 1980, LANGUAGE SOCIAL NETW.
   O'Brien S., 2012, JUBILEE LINES.
   Pearce M, 2012, DIALECTOL GEOLINGUIS, V20, P5, DOI 10.1515/dialect-2012-0001.
   Pearce M, 2011, DIALECTOL GEOLINGUIS, V19, P3, DOI 10.1515/DIG.2011.001.
   Pearce M, 2009, J ENGL LINGUIST, V37, P162, DOI 10.1177/0075424209334026.
   Preston D., 2004, LANG SCI, V16, P285.
   Preston D., 2006, ENCY LANGUAGE LINGUI, P521.
   Preston Dennis R., 2000, FOLK LINGUISTICS.
   Rodriguez-Gonzalez Felix, 1999, CUADERNOS FILOLOGIA, V8, P97.
   Russell D., 2004, LOOKING N.
   Schiffrin D., 1987, DISCOURSE MARKERS.
   SCHIFFRIN D., 1990, CONFLICT TALK SOCIOL, P241.
   Silverstein Michael, 1992, PRAGMATICS, V2, P311, DOI DOI 10.1075/PRAG.2.3.11SIL.
   SPOLSKY Bernard, 2008, HDB ED LINGUISTICS, P98.
   Stockwell Peter, 2002, SOCIOLINGUISTICS RES.
   Sutton Trust, 2010, RESP NEW LANDSC U AC.
   Thomas, 1991, LINGUISTIC PURISM.
   Thorne Tony, 2007, DICT CONT SLANG.
   Upton C, 2013, ANALYSING TWENTY-FIRST CENTURY BRITISH ENGLISH: CONCEPTUAL AND METHODOLOGICAL ASPECTS OF THE VOICES PROJECT, P1.
   Wales K., 2000, ENGL TODAY, V16, P4, DOI {[}DOI 10.1017/S0266078400011378, 10.1017/S0266078400011378].
   Watt D, 2002, Journal of Sociolinguistics, V6, P44, DOI {[}10.1111/1467-9481.00176, DOI 10.1111/1467-9481.00176].}},
Number-of-Cited-References = {{52}},
Times-Cited = {{2}},
Usage-Count-Last-180-days = {{0}},
Usage-Count-Since-2013 = {{4}},
Journal-ISO = {{Socioling. Stud.}},
Doc-Delivery-Number = {{CW1GF}},
Unique-ID = {{ISI:000364736900006}},
OA = {{Green Accepted}},
DA = {{2021-06-22}},
}

@article{ ISI:000321130200002,
Author = {Pearce, Michael},
Title = {{Folk accounts of dialect differences in Tyne and Wear}},
Journal = {{DIALECTOLOGIA ET GEOLINGUISTICA}},
Year = {{2012}},
Volume = {{20}},
Number = {{1}},
Pages = {{5-25}},
Month = {{NOV}},
Abstract = {{This article explores folk-perceptions of dialect differences within
   Tyne and Wear, North East England. It presents a qualitative analysis of
   responses to an online survey in which participants offered their
   descriptions of linguistic variation. These richly detailed comments are
   used in the composition of a nuanced picture of lay perceptions of
   linguistic variation in the region.}},
Publisher = {{DE GRUYTER MOUTON}},
Address = {{GENTHINER STRASSE 13, 10785 BERLIN, GERMANY}},
Type = {{Article}},
Language = {{English}},
Affiliation = {{Pearce, M (Corresponding Author), Univ Sunderland, Sunderland SR2 7EE, Durham, England.
   Univ Sunderland, Sunderland SR2 7EE, Durham, England.}},
DOI = {{10.1515/dialect-2012-0001}},
ISSN = {{0942-4040}},
EISSN = {{1867-0903}},
Research-Areas = {{Linguistics}},
Web-of-Science-Categories  = {{Linguistics; Language \& Linguistics}},
Author-Email = {{mike.pearce@sunderland.ac.uk}},
Cited-References = {{{[}Anonymous], 1817, LETT SCOTLAND ENGLIS.
   Beal Joan, 2004, HDB VARIETIES ENGLIS, V1, P114.
   Beal Joan, 2000, LANG LIT, V9, P343, DOI DOI 10.1177/096394700000900403.
   Beck JM, 2005, FIGURE OF SPEECH: A FESTSCHRIFT FOR JOHN LAVER, P285.
   Black Ian, 2010, GEORDIES VS MACKEMS, V2.
   Burbano- Elizondo Lourdes, 2008, THESIS U SHEFFIELD S.
   Coupland N, 2007, J SOCIOLING, V11, P74, DOI 10.1111/j.1467-9841.2007.00311.x.
   Crystal D., 2004, LANGUAGE INTERNET.
   Eckert P, 2009, HANDB SPRACH KOMMUN, V1, P163.
   Edwards J., 2009, LANGUAGE IDENTITY.
   Grabe Esther, 2008, ENGLISH PRONUNCIATIO, P311.
   Griffiths B, 2005, DICT N E DIALECT.
   Hughes A., 2005, ENGLISH ACCENTS DIAL.
   Jacewicz E, 2009, LANG VAR CHANGE, V21, P233, DOI 10.1017/S0954394509990093.
   KERSWILL PE, 1987, J LINGUIST, V23, P25, DOI 10.1017/S0022226700011026.
   Knowles G. O., 1978, SOCIOLINGUISTIC PATT, P80.
   Laver J, 1994, PRINCIPLES PHONETICS.
   Leemann A, 2008, INTERSPEECH 2008: 9TH ANNUAL CONFERENCE OF THE INTERNATIONAL SPEECH COMMUNICATION ASSOCIATION 2008, VOLS 1-5, P524.
   Meyerhoff M., 2006, INTRO SOCIOLINGUISTI.
   Montgomery Chris, 2011, ANAL VARIATION ENGLI, P121.
   Nolan F., 2006, HDB ENGLISH LINGUIST, P433, DOI DOI 10.1002/9780470753002.CH19.
   Nygaard LC, 2005, BLACKW HBK LINGUIST, P390, DOI 10.1002/9780470757024.ch16.
   O'Brien S, 2011, NOVEMBER.
   OGDEN R., 2009, INTRO ENGLISH PHONET.
   Orton Harold, 1963, SURVEY ENGLISH DIA 3, V1.
   Orton Harold, 1963, SURVEY ENGLISH DIA 2, V1.
   Pearce M, 2011, DIALECTOL GEOLINGUIS, V19, P3, DOI 10.1515/DIG.2011.001.
   Pearce M, 2009, J ENGL LINGUIST, V37, P162, DOI 10.1177/0075424209334026.
   Prescott D., 2010, PREVENTION SEXUAL VI, P1.
   Rosstad R, 2009, LANG AWARE, V18, P96, DOI 10.1080/09658410802510146.
   Wales K., 2006, NO ENGLISH CULTURAL.
   Wells J.C., 1982, ACCENTS ENGLISH 2 BR.
   Wells John, 1984, LANGUAGE BRIT ISLES, P55.
   Wright Joseph, 1905, ENGLISH DIALECT DI M, V4.
   Wright Joseph, 1900, ENGLISH DIALECT DI D, V2.}},
Number-of-Cited-References = {{35}},
Times-Cited = {{3}},
Usage-Count-Last-180-days = {{0}},
Usage-Count-Since-2013 = {{4}},
Journal-ISO = {{Dialectol. Geolinguist.}},
Doc-Delivery-Number = {{174CJ}},
Unique-ID = {{ISI:000321130200002}},
OA = {{Green Accepted}},
DA = {{2021-06-22}},
}

@article{ ISI:000278540800004,
Author = {Pearce, Michael},
Title = {{A Perceptual Dialect Map of North East England}},
Journal = {{JOURNAL OF ENGLISH LINGUISTICS}},
Year = {{2009}},
Volume = {{37}},
Number = {{2}},
Pages = {{162-192}},
Month = {{JUN}},
Abstract = {{This study presents perceptual dialect maps derived from a questionnaire
   completed by almost 1,600 people across North east england. Respondents
   were given the names of fifty-one locations and asked to provide
   numerical judgments on the ``similarity{''} or ``difference{''} of the
   dialect of speakers from these locations compared to speakers from the
   respondents' hometowns. The questionnaire also invited respondents to
   comment on accents and dialects in the region. The numerical data are
   mapped, revealing a perceptual landscape consisting of three broad areas
   further subdivided into smaller perceptual zones. These perceptual areas
   are described and discussed in relation to salient geographical, social,
   and cultural factors. The article concludes by placing this research in
   the context of dialectological and variationist studies of english in
   the North east.}},
Publisher = {{SAGE PUBLICATIONS INC}},
Address = {{2455 TELLER RD, THOUSAND OAKS, CA 91320 USA}},
Type = {{Article}},
Language = {{English}},
Affiliation = {{Pearce, M (Corresponding Author), Univ Sunderland, Sunderland SR2 7EE, Durham, England.
   Univ Sunderland, Sunderland SR2 7EE, Durham, England.}},
DOI = {{10.1177/0075424209334026}},
ISSN = {{0075-4242}},
EISSN = {{1552-5457}},
Keywords = {{North East England; folk linguistics; perceptual dialectology; language
   attitudes; regional identity}},
Research-Areas = {{Linguistics}},
Web-of-Science-Categories  = {{Linguistics; Language \& Linguistics}},
Cited-References = {{AALEN F, 2006, ENGLANDS LANDSCAPE N, P11.
   AALEN F, 2006, ENGLANDS LANDSCAPE N, P201.
   Beal Joan, 2004, LORE LANGUAGE, V17, P33.
   Beal Joan, 2000, LANG LIT, V9, P343, DOI DOI 10.1177/096394700000900403.
   Beal Joan, 2004, ENGLISH MODERN TIMES.
   Benneworth P, 2007, NEW TECHNOLOGY-BASED FIRMS IN THE NEW MILLENNIUM, VOL V, P69.
   Benson EJ, 2003, AM SPEECH, V78, P307, DOI 10.1215/00031283-78-3-307.
   Bucholtz M, 2008, J ENGL LINGUIST, V36, P62, DOI 10.1177/0075424207311721.
   BUCHOLTZ Mary, 2007, J ENGL LINGUIST, V35, P325, DOI DOI 10.1177/0075424207307780.
   Burbano-Elizondo L., 2006, SOCIOLINGUISTICS IDE, P113.
   Carling Jon, 2006, SPATIAL ANAL EC FLOW.
   COLLS R, 2005, GEORDIES ROOTS REGIO, pR7.
   Cresswell T., 2004, PLACE SHORT INTRO.
   DAAN JC, 1970, HDB PERCEPTUAL DIALE, V1, P9.
   Daan Jo, 1969, RANDSTAD LANDRAND TO.
   Docherty GJ, 1997, J LINGUIST, V33, P275, DOI 10.1017/S002222679700649X.
   Foulkes P., 2006, HDB ENGLISH LINGUIST, P625.
   GOEMAN ACM, 1989, HDB PERCEPTUAL DIALE, V1, P135.
   Griffiths B., 2007, PITMATIC TALK N E CO.
   Heeringa W., 2004, THESIS U GRONINGEN G.
   Hughes A., 2005, ENGLISH ACCENTS DIAL.
   INOUE F, 1996, HDB PERCEPTUAL DIALE, V1, P161.
   Johnston R. J., 2000, DICT HUMAN GEOGRAPHY, P687.
   KERSWILL P, 2007, CHANGING ENGLISH, P179.
   Kerswill P., 2007, LANGUAGE BRIT ISLES, P34, DOI 10.1017/CBO9780511620782.004.
   Kirk J. M., 1985, STUDIES LINGUISTIC G.
   KOLB E, 1979, ATLAS ENGLISH SOUNDS.
   Llamas C, 2007, LANG SOC, V36, P579, DOI 10.1017/S0047404507070455.
   Llamas Carmen, 2006, SOCIOLINGUISTICS IDE, P92.
   MACRAILD DM, 2006, ENGLANDS LANDSCAPE N, P77.
   MCCORD N, 1979, N E ENGLAND REGIONS.
   MONTGOMERY C, 2007, THESIS U SHEFFIELD S.
   MUIR R, 2006, ENGLANDS LANDSCAPE N, P183.
   Noble M., 2008, ENGLISH INDICES DEPR.
   {*}OFF NAT STAT, 2008, NEIGHB STAT.
   {*}OFF NAT STAT, 2007, NHSCR INT REG MIGR M.
   Office for National Statistics, 2008, INT ACC 2008 HOUS IN.
   {*}ORG EC COOP DEV, 2006, SOURCEOECD GOVERNANC, P244.
   Orton H., 1978, LINGUISTIC ATLAS ENG.
   Pickles J., 2004, HIST SPACES CARTOGRA.
   PRESTON D, LANGUAGE SP IN PRESS, V2.
   PRESTON D, 2003, DIALECTS BORDERS, P121.
   Preston D., 2002, TRENDS LINGUISTICS S, V137, P57.
   Preston D. R., 1981, METHODS.
   PRESTON DR, 1986, LANG SOC, V15, P221, DOI 10.1017/S0047404500000191.
   PRESTON DR, 1999, HDB PERCEPTUAL DIALE, V1, pR23.
   RENSINK WG, 1955, HDB PERCEPTUAL DIALE, V1, P3.
   ROBINSON J, 2005, DIALECT FOLK LIFE ST.
   Russell Dave, 2004, LOOKING N NO ENGLAND.
   Upton C., 2006, ATLAS ENGLISH DIALEC.
   VIERECK W, 1986, J ENGL LINGUIST, V19, P240, DOI 10.1177/007542428601900206.
   VIERECK W, 1986, LINGUISTICS HIST GEO, P725.
   VIERECK W, 1998, COMPUTER DEV LINGUIS, V2.
   VIERECK Wolfgang, 1991, COMPUTER DEV LINGUIS, V1.
   Vigar G, 2006, PLAN THEORY PRACT, V7, P267, DOI 10.1080/14649350600841446.
   {*}VISITBRITAIN, 2007, UK TOUR SURV 2007.
   Wales K., 2006, NO ENGLISH CULTURAL.
   WALES K, 2006, BAMBERGER BEITRAGE E, V51, P57.
   Watt D, 2002, Journal of Sociolinguistics, V6, P44, DOI {[}10.1111/1467-9481.00176, DOI 10.1111/1467-9481.00176].
   Weijnen A. A., 1946, OOST NOORDBRABANTSE, P1.
   Wells John, 1982, ACCENTS ENGLISH.
   Williams A, 1999, URBAN VOICES ACCENT, P141.
   Wright John Kirtland, 1966, HUMAN NATURE GEOGRAP.}},
Number-of-Cited-References = {{63}},
Times-Cited = {{22}},
Usage-Count-Last-180-days = {{1}},
Usage-Count-Since-2013 = {{24}},
Journal-ISO = {{J. Engl. Linguist.}},
Doc-Delivery-Number = {{607XO}},
Unique-ID = {{ISI:000278540800004}},
OA = {{Green Accepted}},
DA = {{2021-06-22}},
}

@article{ ISI:000222579500014,
Author = {Smith, A},
Title = {{Gender shifts in the history of English}},
Journal = {{JOURNAL OF SOCIOLINGUISTICS}},
Year = {{2004}},
Volume = {{8}},
Number = {{2}},
Pages = {{307-311}},
Month = {{MAY}},
Publisher = {{BLACKWELL PUBL LTD}},
Address = {{108 COWLEY RD, OXFORD OX4 1JF, OXON, ENGLAND}},
Type = {{Book Review}},
Language = {{English}},
Affiliation = {{Smith, A (Corresponding Author), Univ Sunderland, Sch Arts Design Media \& Culture, St Peters Campus, Sunderland SR6 0DD, England.
   Univ Sunderland, Sch Arts Design Media \& Culture, Sunderland SR6 0DD, England.}},
ISSN = {{1360-6441}},
Research-Areas = {{Linguistics}},
Web-of-Science-Categories  = {{Linguistics}},
Author-Email = {{angela.smith@sunderland.ac.uk}},
Cited-References = {{Curzan Anne, 2003, GENDER SHIFTS HIST E.
   DEKEYSER X, 1980, HIST MORPHOLOGY, P97.
   JOLY A, 1975, STUDIES ENGLISH GRAM, P229.
   MUSTANOYA T, 1960, MIDDLE ENGLISH SYN 1.
   Romaine Suzanne, 1999, COMMUNICATING GENDER.}},
Number-of-Cited-References = {{5}},
Times-Cited = {{0}},
Usage-Count-Last-180-days = {{0}},
Usage-Count-Since-2013 = {{0}},
Journal-ISO = {{J. Socioling.}},
Doc-Delivery-Number = {{836TU}},
Unique-ID = {{ISI:000222579500014}},
DA = {{2021-06-22}},
}

@article{ ISI:000169410300003,
Author = {Cutting, J},
Title = {{The speech acts of the in-group}},
Journal = {{JOURNAL OF PRAGMATICS}},
Year = {{2001}},
Volume = {{33}},
Number = {{8}},
Pages = {{1207-1233}},
Month = {{AUG}},
Abstract = {{This article describes part of a longitudinal study off the casual
   conversations of six students as they become members of an academic
   discourse community. This article focuses on the speech acts of the
   students' language. It suggests a model of speech act categories that
   takes into account who or what is referred to (self, interlocutor or
   third party) and the attitude expressed (neutral, positive and
   negative). It outlines the changes over time in attitude expressed,
   showing that overt lexicalisations of a positive attitude to
   interlocutors increase. In addition, the topic determines the speech act
   used: those expressing a negative attitude to self and the situation are
   most frequent in conversations about the course. The article explores
   the social rules and norms of the in-group and how certain speech acts
   require other speech acts to follow. It suggests that some speech acts
   may be used to show solidarity and claim ingroup membership. (C) 2001
   Elsevier Science B.V. All rights reserved.}},
Publisher = {{ELSEVIER SCIENCE BV}},
Address = {{PO BOX 211, 1000 AE AMSTERDAM, NETHERLANDS}},
Type = {{Article}},
Language = {{English}},
Affiliation = {{Cutting, J (Corresponding Author), 7 S Oxford St 2F1, Edinburgh EH8 9QF, Midlothian, Scotland.
   Univ Sunderland, Sunderland SR2 7EE, Durham, England.}},
DOI = {{10.1016/S0378-2166(00)00056-4}},
ISSN = {{0378-2166}},
Keywords = {{longitudinal study of conversation; speech acts; interactional
   sociolinguistics; norms; solidarity; in-group membership; English}},
Research-Areas = {{Linguistics}},
Web-of-Science-Categories  = {{Linguistics; Language \& Linguistics}},
Cited-References = {{Altman I., 1973, SOCIAL PENETRATION D.
   Austin J.L., 1962, DO THINGS WORDS.
   BELL D, 1994, DISCOURSE NEGOTIATIO, P41.
   Berry M., 1981, STUDIES DISCOURSE AN, P120.
   Brown G., 1983, DISCOURSE ANAL.
   Brown P., 1987, POLITENESS.
   CARLSON L, 1983, DIALOGUE GAMES.
   COHS E, 1996, STUDIES INT SOCIOLIN, V13.
   Cook G., 1989, DISCOURSE.
   CUTTING J, 1996, THESIS U EDINBURGH.
   Cutting JE, 1999, APPL LINGUIST, V20, P179, DOI 10.1093/applin/20.2.179.
   DURANTI A, 1992, STUDIES SOCIAL CULTU, V11.
   Eggins S., 1997, ANAL CASUAL CONVERSA.
   Firth A., 1994, DISCOURSE NEGOTIATIO.
   Giles H., 1979, LANGUAGE SOCIAL PSYC.
   Goffman E, 1971, RELATIONS PUBLIC.
   Goodwin Charles, 1992, ASSESSMENTS CONSTRUC, P147.
   Labov W., 1972, SOCIOLINGUISTIC PATT, pxiii.
   Leech Geoffrey, 1983, PRINCIPLES PRAGMATIC.
   McCarthy M., 1991, DISCOURSE ANAL LANGU.
   Schachter S., 1959, PSYCHOL AFFILIATION.
   Searle J., 1969, SPEECH ACTS.
   Searle J., 1979, EXPRESSION MEANING.
   Swales John, 1990, GENRE ANAL.
   TANNEN D, 1989, TALKING VOICES.
   Tannen D., 1984, CONVERSATIONAL STYLE.}},
Number-of-Cited-References = {{26}},
Times-Cited = {{7}},
Usage-Count-Last-180-days = {{1}},
Usage-Count-Since-2013 = {{6}},
Journal-ISO = {{J. Pragmat.}},
Doc-Delivery-Number = {{444QD}},
Unique-ID = {{ISI:000169410300003}},
DA = {{2021-06-22}},
}

@inproceedings{ ISI:000082270100010,
Author = {Cutting, J},
Editor = {{Hunston, S}},
Title = {{Opening lines of questions from the floor}},
Booktitle = {{LANGUAGE AT WORK}},
Series = {{BRITISH STUDIES IN APPLIED LINGUISTICS}},
Year = {{1998}},
Volume = {{13}},
Pages = {{123-136}},
Note = {{Annual Meeting of the British-Association-for-Applied-Linguistics, UNIV
   BIRMINGHAM, BIRMINGHAM, ENGLAND, SEP, 1997}},
Organization = {{British Assoc Appl Linguist}},
Abstract = {{Discussion with conference participants whose first language is not
   English has revealed that they are often reluctant to ask questions from
   the floor in the discussions following papers. One of the main reasons
   for this reluctance appears to be lack of familiarity with linguistic
   mechanisms for opening their contribution. This paper describes the
   results of a detailed grammatical and lexical analysis of the opening
   lines of questions from the floor collected in language conferences
   (BAAL, Sociolinguistics Symposium and the British Association of
   Lecturers in English for Academic Purposes) from 1993 to 1997. The
   findings show that native-speaker-of-English participants frequently
   indicate the specific topic, and hedge, adding doubt and using fillers.
   They quite often use cooperative metalanguage to categorise their
   contribution, minimise the imposition by promising to be brief,
   impersonalise by distancing themselves using a past tense and hedge by
   mitigating with adjuncts. Analysis takes into account gender and
   conference type.
   EFL course books treat the subject of conference language in a
   superficial way not based on corpus analysis. A suggestion is made as to
   how EAP and ESP students could be trained to see conventions of hedging
   and mitigation as rules of spoken discourse particular to this context,
   and to use them effectively.}},
Publisher = {{MULTILINGUAL MATTERS LTD}},
Address = {{FRANKFURT LODGE, CLEVEDON HALL, VICTORIA RD,, CLEVEDON BS21 7HH, AVON,
   ENGLAND}},
Type = {{Proceedings Paper}},
Language = {{English}},
Affiliation = {{Univ Sunderland, Sunderland SR2 7EE, Durham, England.}},
ISBN = {{1-85359-427-X}},
Research-Areas = {{Linguistics}},
Web-of-Science-Categories  = {{Language \& Linguistics}},
Cited-References = {{Brown Penelope, 1978, POLITENESS.
   EDELSTEIN R, 1995, ENGLISH ONCOLOGY.
   GOODALE M, 1987, LANGUAGE MEETINGS.
   Lynch T., 1992, STUDY SPEAKING.
   MELDRUM G, 1997, UNPUB ANN C BRIT ASS.
   OKAMURA A, 1997, BRIT STUDIES APPL LI, P84.
   Shalom Celia, 1993, ENGL SPECIF PURP, V12, P37.
   TALBOT M, 1997, UNPUB BAAL ANN GEN M.}},
Number-of-Cited-References = {{8}},
Times-Cited = {{2}},
Usage-Count-Last-180-days = {{0}},
Usage-Count-Since-2013 = {{1}},
Doc-Delivery-Number = {{BN56V}},
Unique-ID = {{ISI:000082270100010}},
DA = {{2021-06-22}},
}

@article{ ISI:A1991GZ66600001,
Author = {SUNDERLAND, J},
Title = {{THE DECLINE OF MAN}},
Journal = {{JOURNAL OF PRAGMATICS}},
Year = {{1991}},
Volume = {{16}},
Number = {{6}},
Pages = {{505-522}},
Month = {{DEC}},
Abstract = {{This article looks at diachronic change in the meaning, use and
   interpretation of man, men, a man and man compounds in the `generic
   masculine' sense. I suggest that during the last two decades, in the
   context of the on-going `sexist language' debate, deliberate
   intervention has influenced the meaning, use and interpretation of
   `man-words'. I am specifically suggesting that largely due to this
   intervention, these words, which once had a fully generic denotative
   meaning (though this may have anyway been becoming less and less
   generic) now in many contexts have relatively little generic potential,
   and that their `genericity' is on the whole in a state of decline. Man
   cannot, however, be said to have only sex-specific potential.}},
Publisher = {{ELSEVIER SCIENCE BV}},
Address = {{PO BOX 211, 1000 AE AMSTERDAM, NETHERLANDS}},
Type = {{Article}},
Language = {{English}},
Affiliation = {{UNIV LANCASTER,LONSDALE COLL,INST ENGLISH LANGUAGE EDUC,LANCASTER LA1 4YN,LANCS,ENGLAND.}},
DOI = {{10.1016/0378-2166(91)90100-C}},
ISSN = {{0378-2166}},
Research-Areas = {{Linguistics}},
Web-of-Science-Categories  = {{Linguistics; Language \& Linguistics}},
ResearcherID-Numbers = {{Sunderland, Jane/AAB-3541-2019}},
Cited-References = {{ABBOTT G, 1984, ENGLISH LANGUAGE TEA, V38, P45.
   Aitchison Jean, 1981, LANGUAGE CHANGE PROG.
   BARNHART C, 1980, 2ND BARNHART DICT NE.
   Barnhart Clarence L. Sol, 1973, BARNHART DICT NEW EN.
   BATE B, 1978, J COMMUN, V28, P139, DOI 10.1111/j.1460-2466.1978.tb01577.x.
   BEARD MR, 1962, WOMAN FORCE HIST.
   BLACK M, 1990, MAN MADE LANGUAGE.
   BLAUBERGS MS, 1978, PSYCHOL WOMEN QUART, V2, P244, DOI 10.1111/j.1471-6402.1978.tb00506.x.
   BODINE A, 1990, ANDROCENTRISM PRESCR.
   Cady Stanton Elizabeth, 1895, WOMANS BIBLE.
   CAMERON D, 1985, LANG COMMUN, V5, P19, DOI 10.1016/0271-5309(85)90016-3.
   Cameron Deborah., 1990, FEMINIST CRITIQUE LA, P1.
   CANNON G, 1985, SEXISM PRESENT DAY E, V36, P23.
   COOPER R, 1984, INT J SOCIOL LANG, V50, P5.
   Delbridge A., 1981, MACQUARIE DICT.
   Fairclough N., 1989, LANGUAGE POWER.
   Fowler H, 1965, DICT MODERN ENGLISH.
   Graddol D, 1989, GENDER VOICES.
   Hellinger M, 1989, LANGUAGE POWER IDEOL, P273.
   Henley N., 1987, WOMEN LANGUAGE TRANS, P3.
   Jespersen O., 1922, LANGUAGE ITS NATURE.
   LAKOFF R., 1975, LANGUAGE WOMANS PLAC.
   LEECH G, 1989, A Z ENGLISH GRAMMAR.
   MERRIAMWEBSTER, 1983, 9000 WORDS.
   MILLER C, 1989, HDB NONSEXIST WRITIN.
   ONE V, 1971, MANGLISH.
   Pankhurst S., 1977, SUFFRAGETTE MOVEMENT.
   PENELOPE J, 1982, COLL ENGL, V44, P840, DOI 10.2307/377340.
   Penfield J., 1987, WOMEN LANGUAGE TRANS, P37.
   Poynton C., 1989, LANGUAGE GENDER MAKI.
   PURNELL S, 1978, J COMMUNICATIONS WIN, P150.
   Quirk Randolph., 1985, COMPREHENSIVE GRAMMA.
   SALTERDUKE L, 1983, THESIS LANCASTER U.
   SCHNEIDER JW, 1973, AM SOCIOL, V8, P12.
   SHIMANOFF SB, 1977, B WOMENS STUDIES COM, V1, P21.
   SILVEIRA J, 1980, VOICES WORDS WOMEN M.
   SKUTNABBKANGAS T, 1979, J PRAGMATICS, V3, P507, DOI 10.1016/0378-2166(79)90009-2.
   Spender Dale, 1980, MAN MADE LANGUAGE.
   STANLEY JP, 1978, COLL ENGL, V39, P800, DOI 10.2307/375702.
   Stopes CarmichaelCharlotte, 1908, SPHERE MAN RELATION.
   SUNDERLAND J, 1986, THESIS LANCASTER U.
   SWAN M, 1985, ENGLISH TODAY, V3, P6.
   TOTH E, 1970, J LIBERATION, V2, P57.
   WENDY M, 1983, LANGUAGE GENDER SOC.
   WENDY M, 1978, J COMMUNICATION  WIN, P131.
   Wollstonecraft M., 1975, VINDICATION RIGHTS W.
   YUSUF K, 1989, WOMEN LANGUAGE, V12, P27.}},
Number-of-Cited-References = {{47}},
Times-Cited = {{6}},
Usage-Count-Last-180-days = {{1}},
Usage-Count-Since-2013 = {{2}},
Journal-ISO = {{J. Pragmat.}},
Doc-Delivery-Number = {{GZ666}},
Unique-ID = {{ISI:A1991GZ66600001}},
DA = {{2021-06-22}},
}
