
@article{ ISI:000628689700001,
Author = {Woolford, Kaleigh},
Title = {{Just in Tyneside English}},
Journal = {{WORLD ENGLISHES}},
Abstract = {{The present study evaluates the ongoing development of just as a
   discourse marker in Tyneside English. To capture the diachronic
   development of just in real-time, the study focuses on a sample of 34
   adolescent speakers from the Diachronic Electronic Corpus of Tyneside
   English (Corrigan et al.). The results of an accountable analysis of the
   verb phrase (N = 4,386) show that the depreciatory use of just is
   increasing across real time, while other uses remain stable. Further
   investigation reveals a significant association of depreciatory just
   with narrative discourse contexts. A recent framework of
   context-modulated multifunctionality (Wiltschko et al.) has been used to
   postulate the functional development of just as a rhetorical
   story-telling device. More broadly, this paper contributes to the
   growing body of discourse markers analyzed through the variationist
   lens, offering a systematic and replicable methodology that will enable
   robust comparative analyses of the feature's development across world
   Englishes.}},
Publisher = {{WILEY}},
Address = {{111 RIVER ST, HOBOKEN 07030-5774, NJ USA}},
Type = {{Article; Early Access}},
Language = {{English}},
Affiliation = {{Woolford, K (Corresponding Author), Univ Toronto, Dept Linguist, Fac Arts \& Sci, Sidney Smith 4th Floor,100 St George St, Toronto, ON M5S 3G3, Canada.
   Woolford, Kaleigh, Univ Toronto, Toronto, ON, Canada.}},
DOI = {{10.1111/weng.12542}},
Early Access Date = {{MAR 2021}},
ISSN = {{0883-2919}},
EISSN = {{1467-971X}},
Research-Areas = {{Linguistics}},
Web-of-Science-Categories  = {{Linguistics; Language \& Linguistics}},
Author-Email = {{kaleigh.woolford@mail.utoronto.ca}},
Cited-References = {{Aijmer K., 2002, ENGLISH DISCOURSE PA.
   Aijmer K., 1985, PAPERS LANGUAGE LIT, P1.
   {[}Anonymous], 2013, JUST ADJ OXFORD ENGL, V3rd.
   Barnfield K, 2010, ENGL WORLD-WIDE, V31, P252, DOI 10.1075/eww.31.3.02bar.
   Beal J.C., 1999, LORE LANGUAGE, V17, P33.
   Beal JC, 2005, ASPECTS OF ENGLISH NEGATION, P139.
   Beeching K., 2016, PRAGMATIC MARKERS BR.
   Brinton L.J., 2006, HDB HIST ENGLISH PP, P307.
   Brown L., 2012, U PENNSYLVANIA WORKI, V18.
   Brown Penelope, 1987, POLITENESS SOME UNIV.
   Chambers J.K., 2003, SOCIOLINGUISTIC THEO, V2nd ed..
   Cheshire J, 2007, J SOCIOLING, V11, P155, DOI 10.1111/j.1467-9841.2007.00317.x.
   Coppock E, 2014, J SEMANT, V31, P371, DOI 10.1093/jos/fft007.
   Corrigan K.P., 2012, DIACHRONIC ELECT COR.
   D'Arcy A., 2019, CAMBRIDGE HDB WORLD, P436.
   D'Arcy A., 2005, SYNTAX DEV.
   Denis D., 2016, DISCOURSE PRAGMATIC, P86.
   Diewald G, 2006, STUD PRAGMAT, V1, P403.
   Eckert P., 1997, HDB SOCIOLINGUISTICS, P151, DOI DOI 10.1002/9781405166256.CH9.
   Erman B., 1997, UNGDOMSSPR K NORDEN, P96.
   Gonzalez M., 2004, PRAGMATIC MARKERS OR.
   Grant L, 2013, IEEE T PROF COMMUN, V56, P176, DOI 10.1109/TPC.2013.2250732.
   Grant LE, 2011, J ENGL ACAD PURP, V10, P183, DOI 10.1016/j.jeap.2011.05.006.
   Hopper Paul., 2003, GRAMMATICALISATION.
   Ito R, 2003, LANG SOC, V32, P257, DOI 10.1017/S0047404503322055.
   Konig Ekkehard, 1991, MEANING FOCUS PARTIC.
   Labov W, 2013, LANGUAGE OF LIFE AND DEATH: THE TRANSFORMATION OF EXPERIENCE IN ORAL NARRATIVE, P1, DOI 10.1017/CBO9781139519632.
   Labov W., 1982, ANAL DISCOURSE TEXT, P219.
   Labov W, 2001, PRINCIPLES LINGUISTI, V2.
   LABOV W, 1994, PRINCIPLES LINGUISTI.
   Labov W., 1972, LANGUAGE INNER CITY, P354.
   Labov William, 1967, ESSAYS VERBAL VISUAL, P12.
   Labov William., 1972, SOCIOLINGUISTIC PATT.
   LEE D, 1987, J PRAGMATICS, V11, P377, DOI 10.1016/0378-2166(87)90138-X.
   Lindemann S, 2001, ENGL SPECIF PURP, V20, P459, DOI 10.1016/S0889-4906(01)00026-6.
   Nevalainen T., 1991, ONLY JUST FOCUSING A.
   Paul Kerswill, 1996, LANG VAR CHANGE, V8, P177, DOI {[}DOI 10.1017/S0954394500001137, 10.1017/S0954394500001137S0954394500001137, 10.1017/S0954394500001137].
   Pichler H., 2016, DISCOURSE PRAGMETIC, P1.
   Pichler H., 2013, STRUCTURE DISCOURSE.
   Pichler H, 2011, ENGL LANG LINGUIST, V15, P441, DOI 10.1017/S1360674311000128.
   Pichler H, 2010, J SOCIOLING, V14, P581, DOI 10.1111/j.1467-9841.2010.00455.x.
   Quirk R., 1985, COMPREHENSIVE GRAMMA.
   R Development Core Team, 2014, R LANG ENV STAT COMP.
   Tagliamonte S, 2005, J PRAGMATICS, V37, P1896, DOI 10.1016/j.pragma.2005.02.017.
   Tagliamonte S, 2004, J SOCIOLING, V8, P493, DOI 10.1111/j.1467-9841.2004.00271.x.
   Tagliamonte S.A., 2016, TEEN TALK LANGUAGE A.
   Tagliamonte SA, 2006, KEY T SOCIOLINGUIST, P1, DOI 10.2277/ 0521778182.
   Tottie G., 1986, ENGLISH SPEECH WRITI, P93.
   Traugott E.C., 2010, CONTINUUM COMPANION, P269.
   Traugott E.C., 1990, PAPERS 5 INT C ENGLI, P497.
   Wagner SE, 2012, LANG LINGUIST COMPAS, V6, P371, DOI 10.1002/lnc3.343.
   Waters C., 2016, DISCOURSE PRAGMATIC, P41.
   Wiltschko M, 2018, LANG SOC, V47, P569, DOI 10.1017/S004740451800057X.
   Woolford K., 2021, WORLD ENGLISH, P1.}},
Number-of-Cited-References = {{54}},
Times-Cited = {{0}},
Usage-Count-Last-180-days = {{0}},
Usage-Count-Since-2013 = {{0}},
Journal-ISO = {{World Englishes}},
Doc-Delivery-Number = {{QW5KY}},
Unique-ID = {{ISI:000628689700001}},
DA = {{2021-05-28}},
}

@article{ ISI:000525578500002,
Author = {Childs, Claire and Harvey, Chris and Corrigan, Karen P. and Tagliamonte,
   Sali},
Title = {{Transatlantic perspectives on variation in negative expressions}},
Journal = {{ENGLISH LANGUAGE \& LINGUISTICS}},
Year = {{2020}},
Volume = {{24}},
Number = {{1}},
Pages = {{23-47}},
Month = {{MAR}},
Abstract = {{Negation with indefinite items in English can be expressed in three
   ways: any-negation (I didn't have any money), no-negation (I had no
   money) and negative concord (I didn't have no money). These variants
   have persisted over time, with some studies suggesting that the newest
   variant, any-negation, is increasing at the expense of no-negation
   (Tottie 1991a, 1991b). Others suggest that although this variable was
   undergoing change in earlier centuries, it is stable in Modern English
   (Wallage 2017). This article examines the current state of the
   variability in four communities within two distinctive English-speaking
   regions: Toronto and Belleville in Ontario, Canada, and Tyneside and
   York in Northern England. Our comparative quantitative analysis of
   speech corpora from these communities shows that the rates of
   no-negation vary between Northern England and Ontario, but the variation
   is largely stable and primarily conditioned by verb type in a robust
   effect that holds cross-dialectally: functional verbs retain
   no-negation, while lexical verbs favour any. The social embedding of the
   variability varies between the communities, but they share a common
   variable grammar.}},
Publisher = {{CAMBRIDGE UNIV PRESS}},
Address = {{EDINBURGH BLDG, SHAFTESBURY RD, CB2 8RU CAMBRIDGE, ENGLAND}},
Type = {{Article}},
Language = {{English}},
Affiliation = {{Childs, C (Corresponding Author), Univ York, Dept Language \& Linguist Sci, York YO10 5DD, N Yorkshire, England.
   Childs, Claire, Univ York, Dept Language \& Linguist Sci, York YO10 5DD, N Yorkshire, England.
   Harvey, Chris; Tagliamonte, Sali, Univ Toronto, Dept Linguist, Sidney Smith Hall,4th Floor,100 St George St, Toronto, ON M5S 3G3, Canada.
   Corrigan, Karen P., Newcastle Univ, Sch English Literature Language \& Linguist, Percy Bldg, Newcastle Upon Tyne NE1 7RU, Tyne \& Wear, England.}},
DOI = {{10.1017/S1360674318000199}},
Article-Number = {{PII S1360674318000199}},
ISSN = {{1360-6743}},
EISSN = {{1469-4379}},
Keywords = {{negation; indefinites; comparative sociolinguistics; morphosyntactic
   variation; language variation and change}},
Keywords-Plus = {{SYNTACTIC VARIATION; ENGLISH; CONCORD}},
Research-Areas = {{Linguistics}},
Web-of-Science-Categories  = {{Linguistics; Language \& Linguistics}},
Author-Email = {{claire.childs@york.ac.uk
   c.harvey@mail.utoronto.ca
   k.p.corrigan@ncl.ac.uk
   sali.tagliamonte@utoronto.ca}},
Funding-Acknowledgement = {{Economic and Social Research Council's North East Doctoral Training
   Centre; Arts and Humanities Research CouncilUK Research \& Innovation
   (UKRI)Arts \& Humanities Research Council (AHRC); Economic and Social
   Research Council of the UKUK Research \& Innovation (UKRI)Economic \&
   Social Research Council (ESRC); Social Science and Humanities Council of
   Canada}},
Funding-Text = {{We gratefully acknowledge the financial support from the Economic and
   Social Research Council's North East Doctoral Training Centre (for an
   award granted to the first author), the Arts and Humanities Research
   Council (for awards granted to the second author) and the Economic and
   Social Research Council of the UK and the Social Science and Humanities
   Council of Canada (for awards granted to the fourth author). We would
   also like to thank Jack Chambers, Elizabeth Cowper, Anders Holmberg,
   Heike Pichler, Jennifer Smith, Jennifer Thorburn, Joel Wallenberg and
   Hedde Zeijlstra for comments and discussion on this variable over the
   past few years, as well as audiences at NWAV43 (Chicago), ICLaVE8
   (Leipzig) and ICAME36 (Trier). Many thanks also go to the DECTE project
   team for access to the Tyneside data.}},
Cited-References = {{Anderwald L., 2002, NEGATION NONSTANDARD.
   Anderwald L, 2005, ASPECTS OF ENGLISH NEGATION, P113.
   {[}Anonymous], 2017, INNOV SURG SCI, V2, P1, DOI DOI 10.5334/gjgl.276.
   Bates D, 2015, J STAT SOFTW, V67, P1, DOI 10.18637/jss.v067.i01.
   Bayley Robert, 2013, U PENNSYLVANIA WORKI, V19, P21.
   Beal JC, 2012, DIALECT ENGL, P1.
   Berdan Robert, 1980, PERSPECTIVES AM ENGL, P377, DOI DOI 10.1515/9783110813340-027.
   Biber D., 1988, VARIATION SPEECH WRI.
   Biber D., 1999, LONGMAN GRAMMAR SPOK.
   Boberg Charles, 2010, ENGLISH LANGUAGE CAN.
   Buchstaller Isabelle, 2015, RES NO ENGLISH, P71.
   Burnertt H, 2018, LANG VAR CHANGE, V30, P83, DOI 10.1017/S0954394517000266.
   Bybee J., 2001, TYPOLOGICAL STUDIES, V45, P5, DOI {[}DOI 10.1075/TSL.45.01BYB, 10.1075/tsl.45.01byb].
   CHAMBERS JK, 1991, ENGLISH WORLD SOCIOL, P89.
   Cheshire Jenny, 1982, VARIATION ENGLISH DI.
   Chierchia Gennaro, 2013, LOGIC GRAMMAR POLARI.
   Childs Claire, 2016, THESIS.
   Corrigan Karen P., 2010, LINGUISTIC TIME CAPS.
   Cowan Helen I, 1961, BRIT EMIGRATION BRIT.
   D'Arcy A, 2010, LANG SOC, V39, P383, DOI 10.1017/S0047404510000205.
   Dollinger S, 2006, LANG COMPUT, P7.
   Eckert P., 1989, JOCKS BURNOUTS SOCIA.
   Eckert Penelope, 2000, LINGUISTIC VARIATION.
   Elliott BS, 2004, INT CAN STUD SER, P51.
   Erker D, 2012, LANGUAGE, V88, P526.
   Filppula M., 1999, GRAMMAR IRISH ENGLIS.
   Filppula M, 2008, VARIETIES OF ENGLISH 1: THE BRITISH ISLES, P328.
   Francis W., 1982, FREQUENCY ANAL ENGLI.
   Grieve-Smith Angus B., 2009, THESIS.
   HARRIS J, 1984, J LINGUIST, V20, P303, DOI 10.1017/S0022226700013918.
   Harvey Chris, 2013, ANY NO NEGATION SO O.
   Howe D, 2005, ASPECTS OF ENGLISH NEGATION, P173.
   Huby Meg, 1999, STUDY TOWN LIFE LIVI.
   Ingham Richard, 2013, NEGATION LANGUAGES E, P119.
   Iyeiri Y, 2005, ASPECTS OF ENGLISH NEGATION, P1.
   Iyeiri Yoko, 2001, NEGATIVE CONSTRUCTIO.
   Jack George B., 1978, STUD NEOPHILOL, V50, P29, DOI 10.1080/00393277808587702.
   Johnson DE, 2009, LANG LINGUIST COMPAS, V3, P359, DOI 10.1111/j.1749-818x.2008.00108.x.
   Kayne R.S., 1998, SYNTAX-UK, V1, P128.
   LABOV W, 1972, LANGUAGE, V48, P773, DOI 10.2307/411989.
   Labov W, 2001, PRINCIPLES LINGUISTI, V2.
   Labov William, 1966, SOCIAL STRATIFICATIO.
   Labov William., 1972, SOCIOLINGUISTIC PATT.
   Lieberman E, 2007, NATURE, V449, P713, DOI 10.1038/nature06137.
   Lyons C., 1999, DEFINITENESS.
   Mazzon Gabriella, 2004, HIST ENGLISH NEGATIO.
   Mufwene S., 2001, ECOLOGY LANGUAGE EVO.
   Nevalainen Terttu, 1996, ADV ENGLISH HIST LIN, P263, DOI 10.1515/9783110804072.263.
   Nevalainen Terttu, 2006, HIST SOCIOLINGUISTIC.
   Paradis Carita, 2003, MODALITY CONT ENGLIS, P191, DOI DOI 10.1515/9783110895339.191.
   Peters P, 2008, STUD LANG VAR, V2, P147.
   Peters P, 2009, VAR ENGL AR WORLD GS, VG39, P225.
   Pichler H., 2013, STRUCTURE DISCOURSE.
   POLLOCK JY, 1989, LINGUIST INQ, V20, P365.
   Quirk R., 1985, COMPREHENSIVE GRAMMA.
   R Core Team, 2014, R LANG ENV STAT COMP.
   Rissanen Matti, 2000, DEV STANDARD ENGLISH, P117, DOI 10.1017/ CBO9780511551758.008.
   Rissanen Matti, 1999, NEGATION HIST ENGLIS, P189.
   Robinson F., 2002, CITY, V6, P317.
   Scheibman J, 2000, J PRAGMATICS, V32, P105, DOI 10.1016/S0378-2166(99)00032-6.
   Smith Jennifer, 2001, LANG VAR CHANGE, V13, P109, DOI DOI 10.1017/S0954394501132011.
   Smith Jennifer, 2000, ENGL WORLD-WIDE, V21, P231, DOI {[}10.1075/eww.21.2.04smi, DOI 10.1075/EWW.21.2.04SMI].
   Svenonius P., 2002, WORKING PAPERS SCAND, V69, P121.
   Tagliamonte SA, 2014, LANGUAGE, V90, P90, DOI 10.1353/lan.2014.0016.
   Tagliamonte Sali A., 2013, ROOTS ENGLISH EXPLOR.
   Tagliamonte Sali A., 2003, 41020030005 SSHRC.
   Tagliamonte Sali A., 2003, DETERMINANTS GRAMMAT, P531, DOI DOI 10.1515/9783110900019.
   Tagliamonte Sali A., 1998, LANG VAR CHANGE, V10, P153, DOI {[}10.1017/S0954394500 001277, DOI 10.1017/S0954394500001277].
   Tagliamonte Sali A., 1996, 000221842 ESRC.
   Terttu Nevalainen, 2006, HDB HIST ENGLISH, P558.
   Tieken-Boon van Ostade Ingrid, 1997, AELFRIC NEW YORK TIM, P183.
   TOTTIE G, 1991, TOP ENG LIT, V2, P439.
   Tottie G., 1991, NEGATION ENGLISH SPE.
   Trousdale Graeme, 2012, MOUTON WORLD ATLAS V, P70.
   Tubau S, 2016, J COMP GER LINGUIST, V19, P143, DOI 10.1007/s10828-016-9079-4.
   VanHerk G., 2012, WHAT IS SOCIOLINGUIS.
   VANKEMENADE A, 2000, DIACHRONIC SYNTAX MO, P51.
   Wallage P, 2016, LANG COGN MIND, V1, P199, DOI 10.1007/978-3-319-17464-8\_9.
   Wallage Phillip, 2017, NEGATION EARLY ENGLI.
   Wallage Phillip, 2012, OXFORD HDB HIST ENGL, P721.
   White Randall, 1996, ONTARIO 1610 1985 PO.
   Willcock DI, 2013, COLLABORATING FOR RESULTS: SILO WORKING AND RELATIONSHIPS THAT WORK, P1.
   Willis David, 2013, HIST NEGATION LANGUA.
   Zeijlstra, 2004, SENTENTIAL NEGATION.
   Zeijlstra H, 2011, J COMP GER LINGUIST, V14, P111, DOI 10.1007/s10828-011-9043-2.}},
Number-of-Cited-References = {{85}},
Times-Cited = {{0}},
Usage-Count-Last-180-days = {{2}},
Usage-Count-Since-2013 = {{4}},
Journal-ISO = {{Engl. Lang. Linguist.}},
Doc-Delivery-Number = {{LC8JH}},
Unique-ID = {{ISI:000525578500002}},
OA = {{Green Accepted}},
DA = {{2021-05-28}},
}

@article{ ISI:000505903200001,
Author = {Constantinou, Filio and Chambers, Lucy},
Title = {{Non-standard English in UK students' writing over time}},
Journal = {{LANGUAGE AND EDUCATION}},
Year = {{2020}},
Volume = {{34}},
Number = {{1}},
Pages = {{22-35}},
Month = {{JAN 2}},
Abstract = {{This study examined the use of non-standard English features in
   16-year-old students' writing in the UK. Adopting a diachronic approach
   to the investigation of students' written production, the study sought
   to identify changes in students' use of non-standard English over the
   course of a decade, specifically from 2004 to 2014. It involved an
   analysis of 858 extracts of writing composed under standardised
   examination conditions by students from across the UK. The study found
   an increase in the use of non-standard English features over time. This
   increase affected mainly low-attaining students. While attainment
   emerged as a factor influencing the use of non-standard English
   features, gender did not. Other findings reported in the paper include a
   list of the most commonly used non-standard English features in 2004 and
   2014 pointing to the features that should be prioritised in teaching,
   and indications about their geographical distribution. Some insights
   into dialect levelling in the UK are also provided. The paper argues
   that the role of language education should be re-evaluated and
   re-defined at regular intervals, as students' language needs seem to
   change over time.}},
Publisher = {{ROUTLEDGE JOURNALS, TAYLOR \& FRANCIS LTD}},
Address = {{2-4 PARK SQUARE, MILTON PARK, ABINGDON OX14 4RN, OXON, ENGLAND}},
Type = {{Article}},
Language = {{English}},
Affiliation = {{Constantinou, F (Corresponding Author), Univ Cambridge, Res Div, Cambridge Assessment, Cambridge, England.
   Constantinou, Filio; Chambers, Lucy, Univ Cambridge, Res Div, Cambridge Assessment, Cambridge, England.}},
DOI = {{10.1080/09500782.2019.1702996}},
Early Access Date = {{JAN 2020}},
ISSN = {{0950-0782}},
EISSN = {{1747-7581}},
Keywords = {{Non-standard English; dialects; dialect interference; writing; secondary
   education}},
Keywords-Plus = {{STANDARD ENGLISH; TYNESIDE DIALECT; CHILDRENS; AWARENESS; FEATURES}},
Research-Areas = {{Education \& Educational Research; Linguistics}},
Web-of-Science-Categories  = {{Education \& Educational Research; Linguistics; Language \& Linguistics}},
Author-Email = {{constantinou.f@cambridgeassessment.org.uk}},
ORCID-Numbers = {{Chambers, Lucy/0000-0002-6039-8175}},
Cited-References = {{Agresti A, 2002, WILEY SERIES PROBABI.
   Ammon U., 1989, DIALECT ED SOME EURO, P113.
   CHESHIRE J, 1982, EDUC REV, V34, P53, DOI 10.1080/0013191820340106.
   Cheshire Jenny Viv, 1993, REAL ENGLISH GRAMMAR, P53.
   Constantinou F., 2014, THESIS.
   Constantinou F, 2020, LANG CULT CURRIC, V33, P66, DOI 10.1080/07908318.2018.1563609.
   Craig H. K., 2006, MALIK GOES SCH EXAMI.
   Crinson J., 2004, LANGUAGE ED, V18, P207, DOI {[}10.1080/09500780408666876, DOI 10.1080/09500780408666876].
   de Kleine C, 2006, ESL APPL LINGUISTICS, P205.
   Edwards V., 1993, REAL ENGLISH GRAMMAR, P214.
   Elliott G., 2016, VARIATIONS ASPECTS W.
   Fairclough N, 1992, DISCOURSE SOCIAL CHA.
   Fogel H, 2000, CONTEMP EDUC PSYCHOL, V25, P212, DOI 10.1006/ceps.1999.1002.
   HAUGEN E, 1966, AM ANTHROPOL, V68, P922, DOI 10.1525/aa.1966.68.4.02a00040.
   Hornberger N. H., 1994, LANGUAGE ED, V8, P75, DOI {[}10.1080/09500789409541380, DOI 10.1080/09500789409541380].
   HUDSON R, 1995, CHILDRENS USE SPOKEN.
   Hughes A., 1991, ENGLISH ACCENTS DIAL.
   Johnson L, 2017, READ WRIT, V30, P2009, DOI 10.1007/s11145-017-9764-y.
   Kerswill Paul, 2003, SOCIAL DIALECTOLOGY, P223, DOI DOI 10.1075/IMPACT.16.
   Levey S, 2012, LANG EDUC-UK, V26, P405, DOI 10.1080/09500782.2011.651144.
   Lockwood M, 2012, CHANG ENGL, V19, P359, DOI 10.1080/1358684X.2012.704586.
   Massey A. J., 2005, VARIATIONS ASPECTS W.
   Milroy J., 2001, J SOCIOLINGUISTICS, V5, P530, DOI DOI 10.1111/1467-9481.00163.
   Siegel J., 1999, J MULTILING MULTICUL, V20, P508, DOI DOI 10.1080/01434639908666387.
   Stijnen S., 1989, DIALECT ED, P139.
   STREVENS P, 1985, ENGL TODAY, V1, P5, DOI DOI 10.1017/S0266078400000055.
   TRUDGILL P, 1984, LANGUAGE BRIT ISLES, P32.
   Trudgill P., 1999, STANDARD ENGLISH WID, P117.
   VERBI, 2016, MAXQDA SOFTW QUAL DA.
   WHITEMAN MF, 1981, WRITING NATURE DEV T, V1, P153.
   WILLIAMS A, 1989, DIALECT ED SOME EURO, P182.
   WILLIAMSON J, 1990, EDUC STUD, V16, P251, DOI 10.1080/0305569900160304.
   Williamson J, 1997, EDUC STUD, V23, P157, DOI 10.1080/0305569970230201.
   WILLIAMSON J, 1995, EDUC STUD, V21, P3, DOI 10.1080/0305569950210101.
   Williamson J., 1997, LANGUAGE ED, V11, P287, DOI DOI 10.1080/09500789708666734.
   Wolfram Walt, 1998, AM ENGLISH.
   Yiakoumetti A, 2006, APPL LINGUIST, V27, P295, DOI 10.1093/applin/aml012.}},
Number-of-Cited-References = {{37}},
Times-Cited = {{1}},
Usage-Count-Last-180-days = {{0}},
Usage-Count-Since-2013 = {{4}},
Journal-ISO = {{Lang. Educ.}},
Doc-Delivery-Number = {{KE9HP}},
Unique-ID = {{ISI:000505903200001}},
DA = {{2021-05-28}},
}

@article{ ISI:000591693000001,
Author = {Hejna, Misa and Ackerman, Lauren and Wallenberg, Joel C.},
Title = {{Attention to People Like You: A Proposal Regarding Neuroendocrine
   Effects on Linguistic Variation}},
Journal = {{BIOLINGUISTICS}},
Year = {{2020}},
Volume = {{14}},
Pages = {{1-20}},
Abstract = {{Although the literature on language change has often replicated and
   discussed a pattern in which female speakers lead in changes that occur
   below the level of awareness, there is no consensus on why this pattern
   should arise. Interestingly, recent findings in endocrinology show that
   differences in prenatal testosterone exposure can impact learning
   patterns. In the light of these findings, we first present preliminary
   results consistent with the hypothesis that a biological factor,
   prenatal exposure to androgens, can have a small, continuous biasing
   effect on linguistic variation, namely the variable duration of
   pre-aspiration conditioned by voiceless obstruents in Tyneside English.
   Second, we propose an explanatory model in which the biological
   factor-prenatal testosterone exposure-creates subtle bias in how
   speakers learn linguistic variants and suggest that some reported sex
   effects are derivative. This model is compatible with the high tendency
   for females to lead in language change from below (Labov 1990: 206).}},
Publisher = {{UNIV CYPRUS, DEPT ENGLISH STUDIES}},
Address = {{UNIV CYPRUS, DEPT ENGLISH STUDIES, NICOSIA, 1678, CYPRUS}},
Type = {{Article}},
Language = {{English}},
Affiliation = {{Hejna, M (Corresponding Author), Aarhus Univ, Fac Arts, Dept English, Aarhus, Denmark.
   Hejna, Misa, Aarhus Univ, Fac Arts, Dept English, Aarhus, Denmark.
   Ackerman, Lauren, Newcastle Univ, Fac Humanities \& Social Sci, Sch Educ Commun \& Language Sci, Newcastle Upon Tyne, Tyne \& Wear, England.
   Wallenberg, Joel C., Newcastle Univ, Fac Humanities \& Social Sci, Sch English Literature Language \& Linguist, Newcastle Upon Tyne, Tyne \& Wear, England.}},
ISSN = {{1450-3417}},
Keywords = {{pre-aspiration; prenatal testosterone exposure; sound change from below;
   gender/sex differences; Tyneside English}},
Keywords-Plus = {{FETAL TESTOSTERONE; SEXUAL ORIENTATION; DIGIT RATIOS; BEHAVIOR;
   HORMONES; SPEECH; 2D4D; ATTRACTIVENESS; HETEROSEXUALS; HOMOSEXUALS}},
Research-Areas = {{Linguistics}},
Web-of-Science-Categories  = {{Language \& Linguistics}},
Author-Email = {{misa.hejna@cc.au.dk}},
ORCID-Numbers = {{Hejna, Misa/0000-0002-9328-2603}},
Funding-Acknowledgement = {{Wellcome Trust Capital Award {[}092504]}},
Funding-Text = {{We would like to thank Claire Cochrane for her immense help with data
   collection and participant recruitment. We are also grateful to the
   Centre for Behaviour and Evolution seminar audience at Newcastle
   University. This work was, in part, supported by a Wellcome Trust
   Capital Award to Newcastle University (grant number 092504). All errors
   are, of course, our own.}},
Cited-References = {{ABITBOL J, 1989, Journal of Voice, V3, P157, DOI 10.1016/S0892-1997(89)80142-0.
   Ackerman L, 2019, GLOSSA-UK, V4, DOI 10.5334/gjgl.721.
   Allaway HC, 2009, AM J HUM BIOL, V21, P365, DOI 10.1002/ajhb.20892.
   Amir Ofer, 2004, Curr Opin Otolaryngol Head Neck Surg, V12, P180, DOI 10.1097/01.moo.0000120304.58882.94.
   Atkinson BM, 2017, PSYCHONEUROENDOCRINO, V79, P9, DOI 10.1016/j.psyneuen.2017.01.032.
   Auyeung B, 2009, PSYCHOL SCI, V20, P144, DOI 10.1111/j.1467-9280.2009.02279.x.
   Baker A, 2011, LANG VAR CHANGE, V23, P347, DOI 10.1017/S0954394511000135.
   Balthazart Jacques, 2002, P223.
   Balthazart Jacques, 2011, BIOL HOMOSEXUALITY.
   Bates D., 2018, ARXIV150604967.
   Bates D, 2015, J STAT SOFTW, V67, P1, DOI 10.18637/jss.v067.i01.
   Belsky DW, 2015, P NATL ACAD SCI USA, V112, pE4104, DOI 10.1073/pnas.1506264112.
   Bermudez-Otero R., INDIVIDUALS COMMUNIT.
   Brown WM, 2002, ARCH SEX BEHAV, V31, P123, DOI 10.1023/A:1014091420590.
   Cohen-Bendahan CCC, 2005, NEUROSCI BIOBEHAV R, V29, P353, DOI 10.1016/j.neubiorev.2004.11.004.
   Collins SA, 2003, ANIM BEHAV, V65, P997, DOI 10.1006/anbe.2003.2123.
   Eckert P, 2011, AM SPEECH, V86, P85, DOI 10.1215/00031283-1277528.
   Ferdenzi C, 2011, P ROY SOC B-BIOL SCI, V278, P3551, DOI 10.1098/rspb.2011.0544.
   Fouquet M, 2016, ROY SOC OPEN SCI, V3, DOI 10.1098/rsos.160395.
   Fry Dennis B., 1982, PHYS SPEECH.
   Hall K., 1995, GENDER ARTICULATED L.
   Hall Kira, 1995, GENDER ARTICULATED L, P183, DOI DOI 10.1017/S0047404599232095.
   Hejna M., 2015, P 18 INT C PHON SCI.
   Hejna Misa, 2015, THESIS.
   Hejna Misa, 2016, PREASPIRATION MANUAL.
   HENTON CG, 1985, LANG COMMUN, V5, P221, DOI 10.1016/0271-5309(85)90012-6.
   Hines M, 2004, J SEX RES, V41, P75, DOI 10.1080/00224490409552215.
   Hines M, 2006, EUR J ENDOCRINOL, V155, pS115, DOI 10.1530/eje.1.02236.
   Hines M, 2016, PHILOS T R SOC B, V371, DOI 10.1098/rstb.2015.0125.
   Hinrichs Lars, 2013, RICE WORKING PAPERS, V4, P1.
   Keating P., 2015, P 18 INT C PHON SCI.
   Labov, 1990, LANG VAR CHANGE, V2, P205, DOI DOI 10.1017/S0954394500000338.
   LABOV W, 1994, PRINCIPLES LINGUISTI, V1.
   Labov W, 2001, PRINCIPLES LINGUISTI, V2.
   Labov W, 2013, LANGUAGE, V89, P30.
   Labov William, 1966, SOCIAL STRATIFICATIO.
   Lawson Eleanor Jane, 2008, U PENNSYLVANIA WORKI, V4, P102.
   Li JF, 2017, MED SCI MONITOR, V23, P2275, DOI 10.12659/MSM.904651.
   Lutchmaya S, 2002, INFANT BEHAV DEV, V25, P327, DOI 10.1016/S0163-6383(02)00094-2.
   Lutchmaya S, 2004, EARLY HUM DEV, V77, P23, DOI 10.1016/j.earlhumdev.2003.12.002.
   Manning JT, 2007, ARCH SEX BEHAV, V36, P223, DOI 10.1007/s10508-007-9171-6.
   Manson JE, 2008, METABOLISM, V57, pS16, DOI 10.1016/j.metabol.2008.07.010.
   McFadden D, 1999, J ACOUST SOC AM, V105, P2403, DOI 10.1121/1.426845.
   McFadden D, 1998, P NATL ACAD SCI USA, V95, P2709, DOI 10.1073/pnas.95.5.2709.
   McFadden D, 2002, ARCH SEX BEHAV, V31, P99, DOI 10.1023/A:1014087319682.
   Nacci A, 2011, FOLIA PHONIATR LOGO, V63, P77, DOI 10.1159/000316136.
   Nance C, 2013, J INT PHON ASSOC, V43, P129, DOI 10.1017/S0025100313000042.
   Pasterski VL, 2005, CHILD DEV, V76, P264, DOI 10.1111/j.1467-8624.2005.00843.x.
   PRZEDLACKA J, 2001, STUDIA ANGLICA POSNA, V36, P35.
   R Core Team, 2016, R LANG ENV STAT COMP.
   Raj A, 2010, J VOICE, V24, P363, DOI 10.1016/j.jvoice.2008.10.005.
   Rosenfelder Ingrid, 2014, FAVE FORCED ALIGNMEN.
   Tagliamonte S.A., 2016, TEEN TALK LANGUAGE A.
   Tagliamonte SA, 2006, KEY T SOCIOLINGUIST, P1, DOI 10.2277/ 0521778182.
   Talarovicova A, 2009, HORM BEHAV, V55, P235, DOI 10.1016/j.yhbeh.2008.10.010.
   Trudgill P., 1972, LANG SOC, V1, P179, DOI DOI 10.1017/S0047404500000488.
   Wadnerkar MB, 2006, NEUROSCI LETT, V408, P21, DOI 10.1016/j.neulet.2006.07.032.
   Watt Dominic, 2003, J INT PHON ASSOC, V33, P267, DOI DOI 10.1017/S0025100303001397.
   Whiteside SR, 2004, NEUROSCI LETT, V367, P44, DOI 10.1016/j.neulet.2004.05.076.
   Wong WI, 2016, HORM BEHAV, V78, P86, DOI 10.1016/j.yhbeh.2015.10.022.
   Yang CD, 2002, KNOWLEDGE LEARNING N.
   Yang Charles., 2000, LANG VAR CHANGE, V12, P231, DOI {[}10.1017/S0954394500123014, DOI 10.1017/S0954394500123014].}},
Number-of-Cited-References = {{62}},
Times-Cited = {{0}},
Usage-Count-Last-180-days = {{0}},
Usage-Count-Since-2013 = {{0}},
Journal-ISO = {{Biolinguistics}},
Doc-Delivery-Number = {{OU7GG}},
Unique-ID = {{ISI:000591693000001}},
OA = {{DOAJ Gold}},
DA = {{2021-05-28}},
}

@article{ ISI:000466060800003,
Author = {Childs, Claire},
Title = {{Interviewer effects on the phonetic reduction of negative tags, innit?}},
Journal = {{JOURNAL OF PRAGMATICS}},
Year = {{2019}},
Volume = {{142}},
Pages = {{31-46}},
Month = {{MAR}},
Abstract = {{This paper investigates interviewer effects on speakers' use of full,
   reduced or coalesced variants of negative tags, e.g. it's a nice day,
   isn't it/int it/innit? Using a corpus of North East English containing
   interviews with a range of participants and interviewers, I examine
   whether speakers use more phonetically-reduced variants when interviewed
   by someone who is more familiar to them and speaks a variety of English
   more similar to their own. Quantitative variationist analysis reveals
   that these interviewer effects do have an impact on the variation and
   apply in addition to linguistic and social constraints. When speakers
   use more full variants, this is characteristic of either a more careful
   speech style or, in some contexts, so-called ``foreigner-directed
   speech{''}, both of which typically have less lenition and contraction
   than the vernacular. The findings of this study emphasise that through
   proper consideration of the effects that interviewers have on the data
   they collect, we can gain a more comprehensive, reliable interpretation
   of linguistic variation. Crown Copyright (C) 2018 Published by Elsevier
   B.V. All rights reserved.}},
Publisher = {{ELSEVIER}},
Address = {{RADARWEG 29, 1043 NX AMSTERDAM, NETHERLANDS}},
Type = {{Article}},
Language = {{English}},
Affiliation = {{Childs, C (Corresponding Author), Univ York, Dept Language \& Linguist Sci, York YO10 5DD, N Yorkshire, England.
   Childs, Claire, Univ York, Dept Language \& Linguist Sci, York YO10 5DD, N Yorkshire, England.}},
DOI = {{10.1016/j.pragma.2018.12.020}},
ISSN = {{0378-2166}},
EISSN = {{1879-1387}},
Keywords = {{Interviewer effects; Style; Sociolinguistic interview; Tag questions;
   Discourse-pragmatic variation; Tyneside English}},
Keywords-Plus = {{BRITISH ENGLISH; DISCOURSE MARKER; LANGUAGE; QUESTIONS; STYLE; SPEECH}},
Research-Areas = {{Linguistics}},
Web-of-Science-Categories  = {{Linguistics; Language \& Linguistics}},
Author-Email = {{claire.childs@york.ac.uk}},
ORCID-Numbers = {{Childs, Claire/0000-0002-3205-018X}},
Funding-Acknowledgement = {{Economic and Social Research Council (ESRC) North East Doctoral Training
   CentreUK Research \& Innovation (UKRI)Economic \& Social Research
   Council (ESRC)}},
Funding-Text = {{I gratefully acknowledge the financial support of the Economic and
   Social Research Council (ESRC) North East Doctoral Training Centre in my
   doctoral studies, for which this research was first carried out. I would
   like to thank Karen Corrigan, Anders Holmberg and Heike Pichler for
   their valuable feedback during that time, and the DECTE team for
   allowing me to use the corpus for this study. Thank you also to
   audiences at DiPVaC3 (Ottawa) and the Linguistics Speaker Series at
   Northumbria University, where aspects of this work were presented.}},
Cited-References = {{Algeo J., 1990, STATE LANGUAGE, P443.
   Algeo John, 1988, ENGL WORLD-WIDE, V9, P171, DOI DOI 10.1075/EWW.9.2.03ALG.
   Andersen Gisle, 2001, PRAGMATIC MARKERS SO.
   Anderwald Lieselotte, 2003, DETERMINANTS GRAMMAT, P507.
   Anthony L., 2011, ANTCONC VERSION 3 2.
   BAILEY G., 2004, SOCIOLINGUISTIC VARI, P11.
   Bailey G, 2001, J SOCIOLING, V5, P254, DOI DOI 10.1111/1467-9481.00150.
   Bailey Guy, 1991, LANG VAR CHANGE, V3.3, P241, DOI {[}10.1017/S0954394500000569, DOI 10.1017/S0954394500000569].
   Bates D, 2015, J STAT SOFTW, V67, P1, DOI 10.18637/jss.v067.i01.
   Beal JC, 2012, DIALECT ENGL, P1.
   Becker Kara, 2017, DATA COLLECTION SOCI, P209.
   BELL A, 1984, LANG SOC, V13, P145, DOI 10.1017/S004740450001037X.
   Bell Allan, 2001, STYLE SOCIOLINGUISTI, P139, DOI DOI 10.1017/CBO9780511613258.010.
   Brinton L.J., 2005, LEXICALIZATION LANGU.
   BYBEE J, 2003, HDB HIST LINGUISTICS, P602, DOI DOI 10.1002/9780470756393.CH19.
   BYBEE Joan, 2010, LANGUAGE USAGE COGNI.
   Cameron Deborah, 1989, WOMEN THEIR SPEECH C, P74.
   Chambers Jack K., 1998, DIALECTOLOGY.
   CHESHIRE J, 1981, LANG SOC, V10, P365, DOI 10.1017/S0047404500008848.
   Cheshire Jenny, 1982, VARIATION ENGLISH DI.
   Cheshire Jenny, 2005, DIALECT CHANGE CONVE, P135.
   Childs C, 2017, GLOSSA-UK, V2, DOI 10.5334/gjgl.287.
   Childs Claire, 2017, THESIS.
   Coates J., 1996, WOMEN TALK CONVERSAT.
   Corrigan Karen P., 2010, LINGUISTIC TIME CAPS.
   COUPLAND N, 1980, LANG SOC, V9, P1, DOI 10.1017/S0047404500007752.
   Cruttenden A, 2001, PHONETICA, V58, P53, DOI 10.1159/000028488.
   Douglas-Cowie Ellen, 1978, SOCIOLINGUISTIC PATT, P37.
   Dubois B.L., 1975, LANG SOC, V4, P289, DOI DOI 10.1017/S0047404500006680.
   ECKERT P, 1992, ANNU REV ANTHROPOL, V21, P461, DOI 10.1146/annurev.an.21.100192.002333.
   Eckert P, 2008, J SOCIOLING, V12, P453, DOI 10.1111/j.1467-9841.2008.00374.x.
   Eckert Penelope, 2000, LINGUISTIC VARIATION.
   Ellis R., 1997, 2 LANGUAGE ACQUISITI.
   Escalera EA, 2009, J PRAGMATICS, V41, P2479, DOI 10.1016/j.pragma.2006.08.013.
   Ferguson Charle A., 1971, PIDGINIZATION CREOLI, P141.
   Fishwick Carmen, 2013, GUARDIAN.
   Freed AF, 1996, LANG SOC, V25, P1, DOI 10.1017/S0047404500020418.
   Giegerich Heinz, 1992, ENGLISH PHONOLOGY IN.
   GILES H., 1975, SPEECH STYLE SOCIAL.
   Guy Gregory R., 1980, LOCATING LANGUAGE TI, P1.
   Hatch E., 1983, PSYCHOLINGUISTICS 2.
   Holmes J, 1982, ENGLISH LANGUAGE RES, V3, P40.
   Holmes Janet, 1984, TE REO, V27, P47.
   Hopper Paul., 2003, GRAMMATICALIZATION.
   HUDSON RA, 1975, LANGUAGE, V51, P1, DOI 10.2307/413148.
   innit int, 2016, OED ONLINE.
   Jespersen Otto H., 1940, MODERN ENGLISH GRA 5.
   Kangatharan Jayanthiny, 2012, SOC FR ACOUST P ACOU, P3943.
   Kimps D, 2007, J PRAGMATICS, V39, P270, DOI 10.1016/j.pragma.2006.08.003.
   Kimps D, 2014, J PRAGMATICS, V66, P64, DOI 10.1016/j.pragma.2014.02.013.
   Kirchner R, 2001, EFFORT BASED APPROAC.
   Krug M, 1998, AAA-ARB ANGLIST AM, V23, P145.
   Kyratzis A, 1999, J PRAGMATICS, V31, P1321, DOI 10.1016/S0378-2166(98)00107-6.
   Labov William, 2006, SOCIAL STRATIFICATIO.
   Labov William, 2001, SOCIAL FACTORS, VII.
   Labov William., 1972, SOCIOLINGUISTIC PATT.
   Lave J., 1991, SITUATED LEARNING LE.
   Laver J., 1994, PRINCIPLES PHONETICS.
   Levshina N, 2015, DO LINGUISTICS R DAT.
   Llamas C, 2009, J LANG SOC PSYCHOL, V28, P381, DOI 10.1177/0261927X09341962.
   Low EL, 2015, ROUT RES LANG ED, P1.
   Millar Martin, 1979, LINGUISTISCHE BERICH, V60, P24.
   MILROY L, 1980, LANG SOC, V9, P43, DOI 10.1017/S0047404500007788.
   Milroy Lesley, 1987, OBSERVING ANAL NATUR.
   Moore E, 2009, LANG SOC, V38, P447, DOI 10.1017/S0047404509990224.
   Nasslin S., 1984, ENGLISH TAG QUESTION.
   O'Connor J. D, 1955, ENGL STUD, V36, P97, DOI DOI 10.1080/00138385508596942.
   O'Grady G. N., 2013, KEY CONCEPTS PHONETI.
   OBarr W. M., 1980, WOMEN LANGUAGE LIT S, P93.
   Office for National Statistics, 2010, NAT STAT SOC CLASS U, V3.
   Martinez IP, 2015, ENGL LANG LINGUIST, V19, P383, DOI 10.1017/S1360674314000288.
   Pardoe I., 2012, APPL REGRESSION MODE.
   Pennington MC, 2011, LANG LEARN J, V39, P177, DOI 10.1080/09571736.2011.573686.
   Pichler H., 2013, STRUCTURE DISCOURSE.
   Pichler H., 2016, DISCOURSE PRAGMATIC, P59, DOI DOI 10.1017/CBO9781107295476.004.
   Pichler H, 2010, J SOCIOLING, V14, P581, DOI 10.1111/j.1467-9841.2010.00455.x.
   Pichler Heike, 2011, RES SALFORD ENGLISH.
   Podesva RJ, 2007, J SOCIOLING, V11, P478, DOI 10.1111/j.1467-9841.2007.00334.x.
   Quirk R., 1985, COMPREHENSIVE GRAMMA.
   R Core Team, 2014, R LANG ENV STAT COMP.
   Rickford JR., 1994, SOCIOLINGUISTIC PERS, P235.
   RUSSELL J, 1982, SOCIOLINGUISTIC VARI, P125.
   Sankowska J, 2011, POZ STUD CONTEMP LIN, V47, P109, DOI 10.2478/psicl-2011-0009.
   Saville-Troike M., 2017, INTRO 2 LANGUAGE ACQ, V3rd edition..
   Schilling N., 2013, SOCIOLINGUISTIC FIEL.
   Schleef E, 2008, AM SPEECH, V83, P62, DOI 10.1215/00031283-2008-003.
   Stuart-Smith Jane, 2006, POWER WORDS ESSAYS L, P171.
   Tagliamonte SA, 2006, KEY T SOCIOLINGUIST, P1, DOI 10.2277/ 0521778182.
   Tagliamonte Sali., 2012, VARIATIONIST SOCIOLI.
   Thelander Mats, 1982, SOCIOLINGUISTIC VARI, P65.
   Torgersen EN, 2011, CORPUS LINGUIST LING, V7, P93, DOI 10.1515/CLLT.2011.005.
   Tottie G., 2006, J ENGL LINGUIST, V34, P283.
   Tottie G, 2009, J ENGL LINGUIST, V37, P130, DOI 10.1177/0075424209332962.
   Traugott ElizabethCloss., 2010, SUBJECTIFICATION, P29, DOI DOI 10.1515/9783110226102.1.29.
   Uther M, 2007, SPEECH COMMUN, V49, P2, DOI 10.1016/j.specom.2006.10.003.
   Uther M, 2012, BRAIN RES, V1470, P52, DOI 10.1016/j.brainres.2012.06.041.
   Verdonik D, 2008, DISCOURSE STUD, V10, P759, DOI 10.1177/1461445608096572.
   Wesche Marjorie B, 1994, INPUT INTERACTION 2, P226.
   WOLFSON N, 1976, LANG SOC, V5, P189, DOI 10.1017/S0047404500007028.
   2007, CREATING DIGITIZING, P16.
   2004, J SOCIOLINGUIST, V8, P163.}},
Number-of-Cited-References = {{101}},
Times-Cited = {{0}},
Usage-Count-Last-180-days = {{1}},
Usage-Count-Since-2013 = {{5}},
Journal-ISO = {{J. Pragmat.}},
Doc-Delivery-Number = {{HV5YK}},
Unique-ID = {{ISI:000466060800003}},
OA = {{Green Accepted}},
DA = {{2021-05-28}},
}

@article{ ISI:000429624500003,
Author = {Childs, Claire},
Title = {{Integrating syntactic theory and variationist analysis: The structure of
   negative indefinites in regional dialects of British English}},
Journal = {{GLOSSA-A JOURNAL OF GENERAL LINGUISTICS}},
Year = {{2017}},
Volume = {{2}},
Number = {{1}},
Month = {{DEC 14}},
Abstract = {{This paper integrates syntactic theory and variationist analysis in an
   investigation of the variation between English not-negation (I don't
   have any money), no-negation (I have no money) and negative concord (I
   don't have no money). Using corpora of three varieties of UK English
   spoken in Glasgow, Tyneside and Salford respectively, I test two
   theoretical accounts of the variation. Account 1 applies Zeijlstra's
   (2004) agreement-based theory of negative concord to all three variants,
   such that n-words (e.g. nobody) which feature in no-negation and
   negative concord are not inherently negative but agree with a negative
   operator in a higher NegP. Under Account 2, no-negation is instead
   derived via negative-marking within the DP followed by movement to the
   higher NegP for sentential scope (Kayne 1998; Svenonius 2002; Zeijlstra
   2011). These accounts, together with observations about the raising
   properties of functional versus lexical verbs, lead to the formulation
   of different hypotheses about the distribution of variants in speech
   according to verb type, verb phrase complexity, and the discourse status
   of the propositions expressed. Results of distributional analysis and
   mixed-effects modelling support Account 2 of the variation over Account
   1, suggesting structural identity between not-negation and negative
   concord (in contrast to no-negation). This supports Tubau's (2016)
   proposal that English negative indefinites have two distinct structures:
   one in which negation is marked syntactically in the DP and one in which
   they agree with a syntactically-higher NegP.}},
Publisher = {{UBIQUITY PRESS LTD}},
Address = {{2N, 6 OSBORNE ST, LONDON, E1 6TD, ENGLAND}},
Type = {{Article}},
Language = {{English}},
Affiliation = {{Childs, C (Corresponding Author), Univ York, GB, York, N Yorkshire, England.
   Childs, Claire, Univ York, GB, York, N Yorkshire, England.}},
DOI = {{10.5334/gjgl.287}},
Article-Number = {{106}},
ISSN = {{2397-1835}},
Keywords = {{negation; morpho-syntactic variation; English dialects; comparative
   sociolinguistics; discourse-pragmatics}},
Keywords-Plus = {{CONCORD; MOVEMENT; SCOPE}},
Research-Areas = {{Linguistics}},
Web-of-Science-Categories  = {{Linguistics; Language \& Linguistics}},
Author-Email = {{claire.childs@york.ac.uk}},
ORCID-Numbers = {{Childs, Claire/0000-0002-3205-018X}},
Funding-Acknowledgement = {{Economic and Social Research Council North East Doctoral Training
   Centre; Economic and Social Research CouncilUK Research \& Innovation
   (UKRI)Economic \& Social Research Council (ESRC) {[}1188943] Funding
   Source: researchfish}},
Funding-Text = {{I gratefully acknowledge the financial support of the Economic and
   Social Research Council North East Doctoral Training Centre. I would
   like to thank Karen Corrigan, Anders Holmberg, Heike Pichler and Joel
   Wallenberg for their feedback at various stages of this research, as
   well as audiences at WISSLR 2014, the 9th Newcastle upon Tyne
   Postgraduate Conference in Linguistics, ISLE3, University of Edinburgh
   and the Gottingen Workshop on Negation and Polarity where aspects of
   this work were presented. Thank you also to Jane Stuart-Smith, the DECTE
   team and Heike Pichler for allowing me to use their corpora for this
   investigation. I am also grateful for the comments received from the
   editor and three anonymous reviewers.}},
Cited-References = {{Adger D., 2005, SYNTAX VARIATION REC, P149, DOI DOI 10.1075/CILT.265.10ADG.
   Adger D, 2007, ENGL LANG LINGUIST, V11, P261, DOI 10.1017/S1360674307002250.
   Adger D, 2010, LINGUA, V120, P1109, DOI 10.1016/j.lingua.2008.05.007.
   Anderwald L, 2005, ASPECTS OF ENGLISH NEGATION, P113.
   Anderwald Lieselotte, 2002, NEGATION NONSTANDARD, DOI {[}10.4324/9780203167502, DOI 10.4324/9780203167502].
   Anthony L., 2011, ANTCONC VERSION 3 2.
   Barbiers Sjef, 2005, SYNTAX VARIATION REC, P233, DOI DOI 10.1075/CILT.265.14BAR.
   Barton K., 2016, MULTIMODEL INFERENCE.
   Bates D, 2015, J STAT SOFTW, V67, P1, DOI 10.18637/jss.v067.i01.
   Berdan Robert, 1980, PERSPECTIVES AM ENGL, P377, DOI DOI 10.1515/9783110813340-027.
   Biberauer T, 2011, TRENDS LINGUIST-STUD, V235, P23.
   Blanchette F, 2013, LINGUIST VAR, V13, P1, DOI 10.1075/lv.13.1.01bla.
   Buchstaller I, 2013, ENGL LANG LINGUIST, V17, P85, DOI 10.1017/S1360674312000330.
   Burnett H., 2015, U PENNSYLVANIA WORKI, V21, P11.
   Burnett Heather, 2016, GLOW39 GOTT.
   Burnett Heather, SOFT SYNTAX IN PRESS.
   Burnett Heather, 2016, DIGS18 GHENT.
   Chambers JK, 2012, TOP ENGL LINGUIST, V80, P261.
   Cheshire Jenny, 1982, VARIATION ENGLISH DI.
   Childs Claire, 2013, CURRENT APPROACHES L, P311.
   Childs Claire, 2015, U PENNSYLVANIA WORKI, V21, P21.
   Childs Claire, 2016, THESIS.
   Childs Claire, TRANSATLANT IN PRESS.
   Chomsky N., 2015, MINIMALIST PROGRAM, DOI {[}10.7551/mitpress/9780262527347.001.0001, DOI 10.7551/MITPRESS/9780262527347.001.0001].
   Chomsky Noam, 2000, STEP STEP ESSAYS MIN, P89, DOI DOI 10.1017/S0022226702271625.
   Corbett GG, 2006, CAMB TEXTBK LINGUIST, P1.
   Cornips L., 2005, SYNTAX VARIATION REC, P1, DOI DOI 10.1075/CILT.265.01COR.
   Cornips Leonie, 2005, DIALECT CHANGE CONVE, P96, DOI DOI 10.1017/CBO9780511486623.006.
   Corrigan Karen P., 2010, LINGUISTIC TIME CAPS.
   Coupland N, 2007, J SOCIOLING, V11, P74, DOI 10.1111/j.1467-9841.2007.00311.x.
   D'Arcy A., 2011, ANAL VARIATION ENGLI, P49, DOI DOI 10.1017/CBO9780511976360.004.
   Deprez Viviane., 1997, PROBUS, V9, P103.
   Giannakidou A., 2012, HDB QUANTIFIERS NATU, P285, DOI DOI 10.1007/978-94-007-2681-9\_6.
   GUY GR, 1993, AM DIALECT RES, P223, DOI DOI 10.1075/Z.68.11GUY.
   Haegeman Liliane, 1995, SYNTAX NEGATION, DOI {[}10.1017/CBO9780511519727, DOI 10.1017/CBO9780511519727].
   Hale Kenneth, 1993, VIEW BUILDING, V20, P53, DOI DOI 10.7551/MITPRESS/5634.001.0001.
   Hansen MBM, 2009, STUD PRAGMAT, V5, P137.
   Hansen Maj-Britt Mosegaard, 2009, CURRENT TRENDS DIACH, P231, DOI {[}10.1163/9789004253216\_013, DOI 10.1163/9789004253216\_013].
   Harvey Christopher, 2013, NWAV42 PITTSB.
   Herburger Elena., 2001, NATURAL LANGUAGE SEM, V9, P289, DOI 10.1023/A:1014205526722.
   Holmberg A, 1999, STUD LINGUISTICA, V53, P1, DOI 10.1111/1467-9582.00038.
   Howe D, 2005, ASPECTS OF ENGLISH NEGATION, P173.
   Iatridou S, 2011, LINGUIST INQ, V42, P595, DOI 10.1162/LING\_a\_00062.
   Jackendoff Ray, 1972, SEMANTIC INTERPRETAT.
   Jackson Eric, 1995, LINGUISTIC ANAL, V25, P181.
   Jespersen Otto., 1917, NEGATION ENGLISH OTH.
   Kayne R.S., 1998, SYNTAX-UK, V1, P128.
   Kortmann Bernd, 2004, HDB VARIETIES ENGLIS, V2, P1142, DOI DOI 10.1515/9783110175325.2.1142.
   LABOV W, 1972, LANGUAGE, V48, P773, DOI 10.2307/411989.
   Labov W., 1972, LANGUAGE INNER CITY.
   Labov W, 2006, SOCIAL STRATIFICATIO, DOI {[}10.1017/CBO9780511618208, DOI 10.1017/CBO9780511618208].
   Lyons Christopher, 1999, DEFINITENESS, DOI {[}10.1017/CBO9780511605789, DOI 10.1017/CBO9780511605789].
   May Robert, 1977, THESIS.
   Mazzon Gabriella, 2004, HIST ENGLISH NEGATIO.
   Mendez Perez V, 2014, THESIS.
   Meyerhoff Miriam, 2015, DOING SOCIOLINGUISTI, DOI {[}10.4324/9781315723167, DOI 10.4324/9781315723167].
   Nakagawa S, 2013, METHODS ECOL EVOL, V4, P133, DOI 10.1111/j.2041-210x.2012.00261.x.
   Paradis Carita, 2003, MODALITY CONT ENGLIS, P191, DOI DOI 10.1515/9783110895339.191.
   Penka D, 2012, LANG LINGUIST COMPAS, V6, P517, DOI 10.1002/lnc3.349.
   Penka Doris, 2010, NEGATIVE INDEFINITES, DOI {[}10.1093/acprof:oso/9780199567263.001.0001, DOI 10.1093/ACPROF:OSO/9780199567263.001.0001].
   Peters P, 2008, STUD LANG VAR, V2, P147.
   Peters P, 2009, VAR ENGL AR WORLD GS, VG39, P225.
   Pichler Heike, 2011, RES SALFORD ENGLISH.
   Pietsch L, 2005, TOP ENGL LINGUIST, V50-1, P125.
   POLLOCK JY, 1989, LINGUIST INQ, V20, P365.
   Poplack Shana, 2001, AFRICAN AM ENGLISH D.
   Quinn Heidi, 2000, NZ ENGLISH, P173, DOI DOI 10.1075/VEAW.G25.11QUI.
   Quirk R., 1985, COMPREHENSIVE GRAMMA, DOI {[}10.2307/415437, DOI 10.2307/415437].
   R Core Team, 2014, R LANG ENV STAT COMP.
   Rochemont Michael, 1978, THESIS.
   Schwenter SA, 2005, LINGUA, V115, P1427, DOI 10.1016/j.lingua.2004.06.006.
   Schwenter SA, 2006, STUD LANG C, V80, P327.
   Smith Jennifer, 2001, LANG VAR CHANGE, V13, P109, DOI DOI 10.1017/S0954394501132011.
   Smith Jennifer, 2000, ENGL WORLD-WIDE, V21, P231, DOI {[}10.1075/eww.21.2.04smi, DOI 10.1075/EWW.21.2.04SMI].
   Stuart-Smith J, 2007, J SOCIOLING, V11, P221, DOI 10.1111/j.1467-9841.2007.00319.x.
   Stuart-Smith Jane, 2011, SOUNDS CITY CORPUS.
   Svenonius P., 2002, WORKING PAPERS SCAND, V69, P121.
   Szmrecsanyi B, 2016, LANG VAR CHANGE, V28, P1, DOI 10.1017/S0954394515000198.
   Szmrecsanyi Benedikt, 2013, GRAMMATICAL VARIATIO, DOI {[}10.1017/CBO9780511763380, DOI 10.1017/CBO9780511763380].
   Tagliamonte S. A., 2006, ANAL SOCIOLINGUISTIC, DOI {[}10.1017/CBO9780511801624, DOI 10.1017/CBO9780511801624].
   Tieken-Boon van Ostade Ingrid, 1997, AELFRIC NEW YORK TIM, P183.
   TOGNINI-BONELLI E., 2001, CORPUS LINGUISTICS W, DOI {[}10.1075/scl.6, DOI 10.1075/SCL.6].
   TOTTIE G, 1991, TOP ENG LIT, V2, P439.
   Tottie G., 1991, NEGATION ENGLISH SPE.
   Tubau S, 2016, J COMP GER LINGUIST, V19, P143, DOI 10.1007/s10828-016-9079-4.
   Wallage Philip William, 2013, J HIST SYNTAX, V2, P1.
   Wallage P, 2016, LANG COGN MIND, V1, P199, DOI 10.1007/978-3-319-17464-8\_9.
   Wallage Phillip, 2017, NEGATION EARLY ENGLI, DOI {[}10.1017/9781316335185, DOI 10.1017/9781316335185].
   Ward Gregory, 2008, HDB PRAGMATICS, P153, DOI {[}10.1002/9780470756959.ch7, DOI 10.1002/9780470756959.CH7].
   Watanabe A, 2004, LINGUIST INQ, V35, P559, DOI 10.1162/0024389042350497.
   Weiss Helmut, 2002, NORD J LINGUIST, V25, P125, DOI {[}10.1080/033258602321093346, DOI 10.1080/033258602321093346].
   Wilson J, 1998, LANG SOC, V27, P1, DOI 10.1017/S0047404500019709.
   Zeijlstra, 2004, SENTENTIAL NEGATION.
   Zeijlstra H, 2011, J COMP GER LINGUIST, V14, P111, DOI 10.1007/s10828-011-9043-2.}},
Number-of-Cited-References = {{94}},
Times-Cited = {{1}},
Usage-Count-Last-180-days = {{0}},
Usage-Count-Since-2013 = {{2}},
Journal-ISO = {{Glossa}},
Doc-Delivery-Number = {{GC2PG}},
Unique-ID = {{ISI:000429624500003}},
OA = {{DOAJ Gold, Green Accepted, Green Published}},
DA = {{2021-05-28}},
}

@article{ ISI:000404933600012,
Author = {McKean, Cristina and Law, James and Laing, Karen and Cockerill, Maria
   and Allon-Smith, Jan and McCartney, Elspeth and Forbes, Joan},
Title = {{A qualitative case study in the social capital of co-professional
   collaborative co-practice for children with speech, language and
   communication needs}},
Journal = {{INTERNATIONAL JOURNAL OF LANGUAGE \& COMMUNICATION DISORDERS}},
Year = {{2017}},
Volume = {{52}},
Number = {{4}},
Pages = {{514-527}},
Month = {{JUL-AUG}},
Abstract = {{BackgroundEffective co-practice is essential to deliver services for
   children with speech, language and communication needs (SLCN). The
   necessary skills, knowledge and resources are distributed amongst
   professionals and agencies. Co-practice is complex and a number of
   barriers, such as border disputes' and poor awareness of respective
   priorities, have been identified. However social-relational aspects of
   co-practice have not been explored in sufficient depth to make
   recommendations for improvements in policy and practice. Here we apply
   social capital theory to data from practitioners: an analytical
   framework with the potential to move beyond descriptions of
   socio-cultural phenomena to inform change.
   AimsCo-practice in a local authority site was examined to understand:
   (1) the range of social capital relations extant in the site's
   co-practice; (2) how these relations affected the abilities of the
   network to collaborate; (3) whether previously identified barriers to
   co-practice remain; (4) the nature of any new complexities that may have
   emerged; and (5) how inter-professional social capital might be
   fostered.
   Methods \& ProceduresA qualitative case study of SLCN provision within
   one local authority in England and its linked NHS partner was completed
   through face-to-face semi-structured interviews with professionals
   working with children with SLCN across the authority. Interviews,
   exploring barriers and facilitators to interagency working and social
   capital themes, were transcribed, subjected to thematic analysis using
   iterative methods and a thematic framework derived.
   Outcomes \& ResultsWe identified a number of characteristics important
   for the effective development of trust, reciprocity and negotiated
   co-practice at different levels of social capital networks: macroservice
   governance and policy; mesoschool sites; and microintra-practitioner
   knowledge and skills. Barriers to co-practice differed from those found
   in earlier studies. Some negative aspects of complexity were evident,
   but only where networked professionalism and trust was absent between
   professions. Where practitioners embraced and services and systems
   enabled more fluid forms of collaboration, then trust and reciprocity
   developed.
   Conclusions \& ImplicationsHighly collaborative forms of co-practice,
   inherently more complex at the service governance, macro-level, bring
   benefits. At the meso-level of the school and support team network there
   was greater capacity to individualize co-practice to the needs of the
   child. Capacity was increased at the micro-level of knowledge and skills
   to harness the overall resource distributed amongst members of the
   inter-professional team. The development of social capital, networks of
   trust across SLCN support teams, should be a priority at all levelsfor
   practitioners, services, commissioners and schools.}},
Publisher = {{WILEY}},
Address = {{111 RIVER ST, HOBOKEN 07030-5774, NJ USA}},
Type = {{Article}},
Language = {{English}},
Affiliation = {{McKean, C (Corresponding Author), Newcastle Univ, Speech \& Language Sci, King George 6 Bldg,Queen Victoria Rd, Newcastle Upon Tyne NE1 7RU, Tyne \& Wear, England.
   McKean, Cristina; Law, James; Laing, Karen, Newcastle Univ, Speech \& Language Sci, King George 6 Bldg,Queen Victoria Rd, Newcastle Upon Tyne NE1 7RU, Tyne \& Wear, England.
   Cockerill, Maria, Queens Univ Belfast, Sch Educ, Ctr Effect Educ, Belfast, Antrim, North Ireland.
   Allon-Smith, Jan, JAS Coaching \& Consulting, Cumbria, England.
   McCartney, Elspeth, Univ Strathclyde, Sch Psychol Sci \& Hlth, Glasgow, Lanark, Scotland.
   Forbes, Joan, Univ Stirling, Ctr Child Wellbeing \& Protect, Stirling, Scotland.}},
DOI = {{10.1111/1460-6984.12296}},
ISSN = {{1368-2822}},
EISSN = {{1460-6984}},
Keywords = {{SLCN; child Language; partnership working; inter-professional working;
   social capital; collaborative practice}},
Keywords-Plus = {{DIFFICULTIES}},
Research-Areas = {{Audiology \& Speech-Language Pathology; Linguistics; Rehabilitation}},
Web-of-Science-Categories  = {{Audiology \& Speech-Language Pathology; Linguistics; Rehabilitation}},
Author-Email = {{cristina.mckean@ncl.ac.uk}},
ORCID-Numbers = {{Cockerill, Maria/0000-0002-9780-3859
   McKean, Cristina/0000-0001-9058-9813
   McCartney, Elspeth/0000-0002-6234-0348}},
Funding-Acknowledgement = {{Newcastle University Humanities and Social Sciences Faculty Early Career
   Research Fund Award; North Tyneside Learning Trust {[}1143299]}},
Funding-Text = {{This research was jointly funded through a Newcastle University
   Humanities and Social Sciences Faculty Early Career Research Fund Award
   to C. McKean and an award from the North Tyneside Learning Trust
   (registered charity (1143299). The authors thank the participants in the
   study who volunteered their time so willingly and enthusiastically.}},
Cited-References = {{Bercow J., 2008, BERCOW REV SERVICES.
   Borgen W. A., 2008, SAGE ENCY QUALITATIV, P158.
   Bourdieu P, 1986, HDB THEORY RES SOCIO, P241, DOI {[}10.1002/9780470755679.ch15, DOI 10.1002/9780470755679.CH15].
   Braun V., 2006, QUALITATIVE RES PSYC, V3, P77, DOI DOI 10.1191/1478088706qp063oa.
   COLEMAN JS, 1988, AM J SOCIOL, V94, pS95, DOI 10.1086/228943.
   D'Amour Danielle, 2005, J Interprof Care, V19 Suppl 1, P116, DOI 10.1080/13561820500082529.
   Department for Education (DfE), 1994, SPEC ED NEEDS COD PR.
   DfE (Department for Education), 2015, SPEC ED NEEDS DIS CO.
   DfES, 2004, EV CHILD MATT CHANG.
   Dockrell JE, 2001, OXFORD REV EDUC, V27, P369.
   ELKSNIN LK, 1994, LANG SPEECH HEAR SER, V25, P258.
   Field J., 2003, SOCIAL CAPITAL.
   Forbes J, 2012, TRANSFORMATION OF CHILDREN'S SERVICES: EXAMINING AND DEBATING THE COMPLEXITIES OF INTER/PROFESSIONAL WORKING, P1.
   Forbes J., 2009, SOCIAL CAPITAL PROFE, P91.
   Forbes J., 2012, CHILDRENS SERVICES W.
   Forbes J, 2010, CHILD LANG TEACH THE, V26, P321, DOI 10.1177/0265659010369282.
   Gascoigne M., 2006, SUPPORTING CHILDREN.
   Gascoigne M, 2008, CHILD LANG TEACH THE, V24, P133, DOI 10.1177/0265659008090291.
   Gibbons M., 1994, NEW PRODUCTION KNOWL.
   Guest G., 2012, APPL THEMATIC ANAL.
   Halpern D., 2005, SOCIAL CAPITAL.
   Law J., 2000, PROVISION CHILDREN S.
   Law J., 2002, CHILD LANG TEACH THE, V18, P145, DOI {[}10.1191/0265659002ct232oa., DOI 10.1191/0265659002CT232OA].
   LAW J, 2001, BRIT J SPECIAL ED, V28, P133.
   Law J, 2009, J SPEECH LANG HEAR R, V52, P1401, DOI 10.1044/1092-4388(2009/08-0142).
   Lincoln Y.S., 1985, NATURALISTIC INQUIRY.
   Lindsay G., 2011, DFERR070 CEDAR U WAR.
   Malin Nigel, 2007, J Interprof Care, V21, P445, DOI 10.1080/13561820701346657.
   McCartney E, 1998, EDUC REV, V50, P65, DOI 10.1080/0013191980500107.
   McCartney E, 2009, SERVICE INTEGRATION, P23.
   McCartney E, 2010, CHILD LANG TEACH THE, V26, P359, DOI 10.1177/0265659010369306.
   Miles M.B., 1994, QUALITATIVE DATA ANA, V2nd.
   Nixon J, 1997, BRIT J SOCIOL EDUC, V18, P5, DOI 10.1080/0142569970180101.
   Office for National Statistics (ONS), 2002, MEAS SOC CAP UK.
   Pugh G., 2009, SERVICE INTEGRATION, P77.
   PUTNAM RD, 1995, PS, V28, P664, DOI 10.2307/420517.
   Scottish Government, 2012, GETT IT RIGHT CHILDR.
   Sennett R., 2012, TOGETHER RITUALS PLE.
   World Health Organization, 2001, ICF INT CLASFUNCT.}},
Number-of-Cited-References = {{39}},
Times-Cited = {{17}},
Usage-Count-Last-180-days = {{2}},
Usage-Count-Since-2013 = {{20}},
Journal-ISO = {{Int. J. Lang. Commun. Disord.}},
Doc-Delivery-Number = {{EZ7VK}},
Unique-ID = {{ISI:000404933600012}},
OA = {{Green Accepted}},
DA = {{2021-05-28}},
}

@article{ ISI:000395031900001,
Author = {Buchstaller, Isabelle and Krause, Anne and Auer, Anja and Otte, Stefanie},
Title = {{Levelling across the life-span?: Tracing the FACE vowel in panel data
   from the North East of England}},
Journal = {{JOURNAL OF SOCIOLINGUISTICS}},
Year = {{2017}},
Volume = {{21}},
Number = {{1}},
Pages = {{3-33}},
Month = {{FEB}},
Abstract = {{Apparent time analysis has revealed that the Tyneside face vowel is the
   site of two intersecting trends: levelling towards the supra-northern
   monophthong as well as the gradual incursion of the southern standard
   closing diphthong. This article investigates the participation of
   individual speakers across their life-span in these ongoing changes in
   the face vowel. We report on a small-scale panel sample of six speakers
   who were recorded in 1971 and again, 42 years later, in 2013. The
   analysis probes the stability of individual speakers' grammars, relying
   on longitudinal ethnographic analysis in the community as well as
   insights gleaned from sociolinguistic interviews about the speakers'
   socio-demographic trajectory and their presentations of self. The
   article contributes to the growing body of panel research that aims to
   determine the scope and the limits of linguistic malleability across
   speakers' life histories.}},
Publisher = {{WILEY}},
Address = {{111 RIVER ST, HOBOKEN 07030-5774, NJ USA}},
Type = {{Article}},
Language = {{English}},
Affiliation = {{Buchstaller, I (Corresponding Author), Univ Leipzig, Dept English, Beethovenstr 15, D-04107 Leipzig, Germany.
   Buchstaller, Isabelle; Krause, Anne; Auer, Anja; Otte, Stefanie, Univ Leipzig, Leipzig, Germany.}},
DOI = {{10.1111/josl.12227}},
ISSN = {{1360-6441}},
EISSN = {{1467-9841}},
Keywords = {{Language change; change across the life-span; monophthongisation; FACE
   vowel; Northern Englishes; levelling}},
Keywords-Plus = {{LANGUAGE CHANGE; AGE}},
Research-Areas = {{Linguistics}},
Web-of-Science-Categories  = {{Linguistics}},
Author-Email = {{i.buchstaller@uni-leipzig.de}},
Funding-Acknowledgement = {{European Commission CIG grant; Arts and Humanities Research CouncilUK
   Research \& Innovation (UKRI)Arts \& Humanities Research Council (AHRC)
   {[}AH/H037691/1] Funding Source: researchfish}},
Funding-Text = {{We gratefully acknowledge the support of the European Commission CIG
   grant (2013-2017: Diagnostics of linguistic change: Mapping language
   change in real and apparent time). We would like to thank Adam Mearns
   (Newcastle University), who managed to find and re-record the TLS
   speakers after 42 years and whose input has greatly influenced our
   interpretation of the data. The results contained in this article were
   presented at the 7th Northern Englishes Workshop in Edinburgh and we are
   grateful to the audience members for their useful feedback. Finally, we
   thank two anonymous reviewers for their constructive feedback. All
   remaining errors are obviously our own.}},
Cited-References = {{Allen Will, 2006, CREATING DIGITIZING, V2, P16.
   {[}Anonymous], 2015, NEWCASTLE UNCOV 0723.
   Bates D, 2015, J STAT SOFTW, V67, P1, DOI 10.18637/jss.v067.i01.
   Bauer L., 1986, ENGL WORLD-WIDE, V7, P225, DOI DOI 10.1075/EWW.7.2.04BAU.
   Bauer L., 2004, HDB VARIETIES ENGLIS, V1, P580.
   Beal J. C., 1993, REAL ENGLISH GRAMMAR, P187.
   Beal J. C., 2004, HDB VARIETIES ENGLIS, P113.
   Beal J.C., 2009, CURRENT ISSUES LATE, P35.
   Beal JC, 2012, DIALECT ENGL, P1.
   Beal Joan, 2004, LORE LANGUAGE, V17, P33.
   Beal Joan, 2000, LANG LIT, V9, P343, DOI DOI 10.1177/096394700000900403.
   Beal Joan, 2015, RES NO ENGLISHES, P27, DOI DOI 10.1075/VEAW.G55.
   BELL A, 1984, LANG SOC, V13, P145, DOI 10.1017/S004740450001037X.
   Boersma Paul., 2013, PRAAT DOING PHONETIC.
   Bowie David, 2005, U PENNSYLVANIA WORKI, V11.
   Bowie David, 2016, HDB HIST PHONOLOGY, P603.
   Buchstaller I, 2006, J SOCIOLING, V10, P3, DOI 10.1111/j.1360-6441.2006.00315.x.
   Buchstaller I, 2016, J ENGL LINGUIST, V44, P199, DOI 10.1177/0075424216639645.
   Buchstaller I, 2015, LANG SOC, V44, P457, DOI 10.1017/S0047404515000391.
   Buchstaller I, 2013, ENGL LANG LINGUIST, V17, P85, DOI 10.1017/S1360674312000330.
   Buchstaller I, 2009, J SOCIOLING, V13, P291, DOI 10.1111/j.1467-9841.2009.00412.x.
   Buchstaller Isabelle, 2013, J LINGUISTIC GEOGRAP, V1, P96.
   Chambers J.K., 2003, SOCIOLINGUISTIC THEO, V2nd ed..
   De Decker Paul, 2006, U PENNSYLVANIA WORKI, V34, P65.
   Dobson Eric J., 1968, ENGLISH PRONUNCIATIO, V1.
   Dobson Eric John, 1968, ENGLISH PRONUNCIATIO, V2.
   Docherty G., 1999, URBAN VOICES ACCENT, P47.
   Downes W., 1998, LANGUAGE SOC.
   Eckert P, 2008, J SOCIOLING, V12, P453, DOI 10.1111/j.1467-9841.2008.00374.x.
   Eckert Penelope, 2004, LANGUAGE IN THE US, P360, DOI DOI 10.1017/CBO9780511809880.
   Ferragne E, 2010, J INT PHON ASSOC, V40, P1, DOI 10.1017/S0025100309990247.
   Geertz C., 1973, INTERPRETATION CULTU.
   GILES H, 1970, EDUC REV, V22, P211, DOI 10.1080/0013191700220301.
   Gries Stefan Th, 2013, STAT LINGUISTICS R.
   Haddican B, 2013, LANG VAR CHANGE, V25, P371, DOI 10.1017/S0954394513000197.
   Harrington J, 2000, NATURE, V408, P927, DOI 10.1038/35050160.
   Helene Blondeau, 2002, REV QUEBECOISE LINGU, V31, P13, DOI DOI 10.7202/006843AR.
   Hughes Arthur, 2012, ENGLISH ACCENTS DIAL.
   Jansen S., 2013, BUTTERFLIES BIRDS DI, P209.
   Jensen Martin Holm, 2014, THESIS.
   Johnstone Barbara, 2009, IN JAFFE, P3, DOI DOI 10.1109/ISPDC.2009.19.
   Krug Manfred, 2012, ENGLISH HIST LINGUIS, P756.
   Labov W, 2007, LANGUAGE, V83, P344, DOI 10.1353/lan.2007.0082.
   Labov William., 1972, QUANTITATIVE STUDY S.
   Labov William., 2001, STYLE SOCIOLINGUISTI, P85.
   Lenneberg E.H., 1967, BIOL FDN LANGUAGE.
   MacKenzie L., 2009, U PENNSYLVANIA WORKI, P92.
   MacKenzie Laurel, 2014, NEW WAYS AN VAR 43 C.
   Malcah Yaeger-Dror, 1994, PHONOLOGICAL STRUCTU, P267, DOI DOI 10.1017/CBO9780511659461.
   Mearns Adam, 2015, RES NO ENGLISH, P161.
   Mearns Adam J., 2016, CREATING DIGITIZING, V3, P177.
   Milroy J., 1994, LANG VAR CHANGE, V6, P327, DOI DOI 10.1017/S095439450000171X.
   Milroy J., 1995, NEWCASTLE DURHAM WOR, V3, P187.
   Milroy Lesley, 2000, J LINGUIST ANTHROPOL, V10, P56, DOI DOI 10.1525/jlin.2000.10.1.56.
   Organisation for Economic Co-Operation and Development, 2006, TERR REV NEWC N E UK.
   Prichard H, 2012, U PENNSYLVANIA WORKI, V18, P11.
   Rhodes R., 2012, THESIS.
   Rickford J, 2013, J SOCIOLING, V17, P143, DOI 10.1111/josl.12017.
   Sankoff David, 1978, LINGUISTIC VARIATION, P239.
   Sankoff G., 2004, SOCIOLINGUISTIC VARI, P121.
   Sankoff G, 2007, LANGUAGE, V83, P560, DOI 10.1353/lan.2007.0106.
   Sankoff Gillian., 2006, ENCY LANGUAGE LINGUI, V2nd ed., P110, DOI DOI 10.1016/B0-08-044854-2/01479-6.
   Sankoff Gillian, 2006, U PENNSYLVANIA WORKI, V12, P203.
   Sankoff Gillian, 2013, LANGUAGE CHANGE LIFE.
   Sankoff Gillian, 2013, OXFORD HDB SOCIOLING, P261, DOI DOI 10.1093/OXFORDHB/9780199744084.001.0001.
   Sankoff Gillian, 2005, INT HDB SCI LANGUAGE, V2, P1003.
   Schilling-Estes N, 1998, LANG SOC, V27, P53, DOI 10.1017/S0047404598001031.
   Schilling-Estes Natalie, 2008, 25 ANOS LINGUISTICA, V25, P971.
   Starks Donna, 1999, NZ ENGLISH, P53.
   Tomaney John, 2006, NERIP ANN C.
   Vall N, 2007, CITIES DECLINE COMP.
   Veatch Thomas, 1991, THESIS.
   VIERECK Wolfgang, 1966, PHONEMATISCHE ANAL D.
   Waddell Sid, 2009, ROAD BACK HOME NO CH.
   Wagner SE, 2012, LANG LINGUIST COMPAS, V6, P371, DOI 10.1002/lnc3.343.
   Wagner SE, 2012, LANG VAR CHANGE, V24, P179, DOI 10.1017/S0954394512000099.
   Wagner SE, 2011, LANG VAR CHANGE, V23, P275, DOI 10.1017/S0954394511000111.
   Watt D., 2000, LANG VAR CHANGE, V12, P69, DOI DOI 10.1017/S0954394500121040.
   Watt D., 1998, THESIS.
   Watt D., 1999, URBAN VOICES ACCENT, P25.
   Watt Dominic, 2002, J SOCIOLING, V6, P44, DOI DOI 10.1111/1467-9481.00176.
   Watt Dominic, 2003, J INT PHON ASSOC, V33, P267, DOI DOI 10.1017/S0025100303001397.
   Wells J. C., 1982, ACCENTS ENGLISH.
   Yaeger-Dror Malcah, 1996, SOCIAL SCI LANGUAGE, P263, DOI DOI 10.1075/CILT.127.
   Yu Alan C. L., 2013, ORIGINS SOUND CHANGE, P201, DOI {[}10.1093/acprof:oso/9780199573745.003.0010, DOI 10.1093/ACPROF:OSO/9780199573745.003.0010].}},
Number-of-Cited-References = {{85}},
Times-Cited = {{5}},
Usage-Count-Last-180-days = {{0}},
Usage-Count-Since-2013 = {{0}},
Journal-ISO = {{J. Socioling.}},
Doc-Delivery-Number = {{EM0TZ}},
Unique-ID = {{ISI:000395031900001}},
DA = {{2021-05-28}},
}

@article{ ISI:000392932800002,
Author = {Childs, Claire},
Title = {{Canny good, or quite canny? The semantic-syntactic distribution of canny
   in the North East of England}},
Journal = {{ENGLISH WORLD-WIDE}},
Year = {{2016}},
Volume = {{37}},
Number = {{3}},
Pages = {{238-266}},
Abstract = {{The word canny has long been associated with the dialects of the North
   East of England, most typically in its adjectival sense. However, it has
   four distinct functions (adjective, adverb, intensifier and modifier in
   quantifying expressions), which this paper tracks in a diachronic speech
   corpus. Although the intensifier (e.g. it's canny good) is documented in
   the Survey of English Dialects (Upton, Parry and Widowson 1994), it
   appears in the corpus later than expected with the profile of an
   incoming form. Results from a judgement task corroborate the corpus
   trends and show that people's intuitions about intensifier canny
   correlate with age as well as the semantics and position of the
   following adjective, in such a way that shows the intensifier is not
   fully delexicalised. The present research highlights the value of
   combining production and perception data in establishing how the origins
   of a linguistic item affect its distribution in its new function.}},
Publisher = {{JOHN BENJAMINS PUBLISHING CO}},
Address = {{PO BOX 36224, 1020 ME AMSTERDAM, NETHERLANDS}},
Type = {{Article}},
Language = {{English}},
Affiliation = {{Childs, C (Corresponding Author), Northumbria Univ, Fac Arts Design \& Social Sci, Lipman Bldg, Newcastle Upon Tyne NE1 8ST, Tyne \& Wear, England.
   Childs, Claire, Northumbria Univ, Fac Arts Design \& Social Sci, Lipman Bldg, Newcastle Upon Tyne NE1 8ST, Tyne \& Wear, England.}},
DOI = {{10.1075/eww.37.3.01chi}},
ISSN = {{0172-8865}},
EISSN = {{1569-9730}},
Keywords = {{language change; Tyneside; intensification; grammaticalisation;
   perception; judgement data; function; frequency}},
Keywords-Plus = {{INTENSIFIERS; COOL; COMMODIFICATION; ENREGISTERMENT; WEIRD}},
Research-Areas = {{Linguistics}},
Web-of-Science-Categories  = {{Linguistics; Language \& Linguistics}},
Author-Email = {{claire.childs@northumbria.ac.uk}},
Funding-Acknowledgement = {{Arts and Humanities Research Council during my time at Newcastle
   UniversityUK Research \& Innovation (UKRI)Arts \& Humanities Research
   Council (AHRC)}},
Funding-Text = {{I gratefully acknowledge support from the Arts and Humanities Research
   Council during my time at Newcastle University, where this research was
   completed. I would like to thank Isabelle Buchstaller, Karen Corrigan,
   Heike Pichler, Jennifer Smith, Jennifer Thorburn and Cathleen Waters for
   their feedback at various stages, the DECTE team for granting me use of
   the corpus, and Adam Mearns for additional assistance with the
   materials. Thank you to the audiences at Sociolinguistics Symposium 20
   (Jyvaskyla) and the LVC research groups at Newcastle University and the
   University of Toronto where aspects of this research were presented. I
   am also very grateful to the editor Marianne Hundt and three anonymous
   reviewers for their comments on earlier versions of this paper.}},
Cited-References = {{Allen W, 2007, CREATING AND DIGITIZING LANGUAGE CORPORA VOLUME 2: DIACHRONIC DATABASES, P16.
   Altenberg Bengt, 1991, ENGLISH COMPUTER COR, P127.
   Andersen Robert, 2004, SAGE ENCY SOCIAL SCI, V3, P941.
   Anthony L., 2014, ANTCONC VERSION 3 4.
   ATKINSON J. C., 1868, GLOSSARY CLEVELAND D.
   Barnfield K, 2010, ENGL WORLD-WIDE, V31, P252, DOI 10.1075/eww.31.3.02bar.
   Beal J., 2004, HDB VARIETIES ENGLIS, V2, P114, DOI Berlin.
   Beal JC, 2009, AM SPEECH, V84, P138, DOI 10.1215/00031283-2009-012.
   Bresnan J, 2010, LANGUAGE, V86, P168.
   Buchstaller I., 2011, LANGUAGE VARIATION E, VIII, P149, DOI DOI 10.1075/SILV.7.12BUC.
   Buchstaller I, 2006, ENGL LANG LINGUIST, V10, P345, DOI 10.1017/S136067430600195X.
   Buchstaller I, 2013, ENGL LANG LINGUIST, V17, P85, DOI 10.1017/S1360674312000330.
   Buchstaller I, 2010, LANG VAR CHANGE, V22, P191, DOI 10.1017/S0954394510000098.
   Buchstaller Isabelle, 2011, ANAL VARIATION ENGLI, P30, DOI DOI 10.1017/CBO9780511976360.
   Bybee J., 2007, FREQUENCY USE ORG LA, DOI {[}10.1093/acprof:oso/9780195301571.001.0001, DOI 10.1093/ACPROF:OSO/9780195301571.001.0001].
   Cheshire Jenny, 2005, DIALECT CHANGE CONVE, P135.
   Childs Claire, 2013, CURRENT APPROACHES L, P311.
   Corrigan Karen P., 2010, LINGUISTIC TIME CAPS.
   Corrigan Karen P., 2012, NEW PERSPECTIVES IRI, P1, DOI DOI 10.1075/VEAW.G44.01COR.
   Cukor-Avila P, 2013, BLACKW HBK LINGUIST, P239.
   Diewald Gabriele., 2002, NEW REFLECTIONS GRAM, P143, DOI DOI 10.1075/TSL.49.11LOR.
   Dixon R.M.W., 1977, STUD LANG, V1, P19, DOI DOI 10.1075/SL.1.1.04DIX.
   Doetjes J., 2004, HDB FRENCH SEMANTICS, P83.
   Doetjes J, 2007, LINGUA, V117, P685, DOI 10.1016/j.lingua.2006.04.003.
   Doetjes Jenny, 1997, QUANTIFIERS SELECTIO.
   Elmes Simon, 2005, TALKING BRITAIN JOUR.
   Gorman Kyle, 2013, OXFORD HDB SOCIOLING, P214, DOI DOI 10.1093/OXFORDHB/9780199744084.001.0001.
   Griffiths Bill, 2004, DICT N E DIALECT.
   Heeringa S.G., 2010, APPL SURVEY DATA ANA, DOI {[}10.1201/9781420080674, DOI 10.1201/9781420080674].
   Heslop RO, 1892, NORTHUMBERLAND WORDS, V1-2.
   Hoffmann T., 2006, CORPUS LINGUIST LING, V2, P165, DOI {[}10.1515/CLLT.2006.009, DOI 10.1515/CLLT.2006.009].
   Ito R, 2003, LANG SOC, V32, P257, DOI 10.1017/S0047404503322055.
   Jackson H, 1990, GRAMMAR MEANING SEMA.
   Johnson DE, 2009, LANG LINGUIST COMPAS, V3, P359, DOI 10.1111/j.1749-818x.2008.00108.x.
   Johnstone B, 2009, AM SPEECH, V84, P157, DOI 10.1215/00031283-2009-013.
   Labov William, 2006, PRESS, DOI {[}10.1017/CBO9780511618208, DOI 10.1017/CBO9780511618208].
   Llamas, 1999, LEEDS WORKING PAPERS, V7, P95.
   Macaulay Ronald., 2006, LANG VAR CHANGE, V18, P267, DOI DOI 10.1017/S0954394506060133.
   Macaulay Ronald., 2002, J SOCIOLING, V6, P398, DOI DOI 10.1111/1467-9481.00194.
   Mendez-Naya B, 2003, ENGL STUD, V84, P372, DOI 10.1076/enst.84.4.372.17388.
   Mollin Sandra, 2014, IRREVERSIBILITY ENGL, DOI {[}10.1075/scl.64, DOI 10.1075/SCL.64].
   Neeleman A, 2004, LINGUIST REV, V21, P1, DOI 10.1515/tlir.2004.001.
   Nevalainen Terttu, 2000, CAMBRIDGE HIST ENGLI, V3, p{[}1476, 332], DOI DOI 10.1017/CHOL9780521264761.
   Office for National Statistics, 2010, STAND OCC CLASS 2010, V3.
   Orton H., 1962, SURVEY ENGLISH DIALE.
   Orton Harold, 1963, SURVEY ENGLISH DIALE, V1.
   Partington Alan., 1993, TEXT TECHNOLOGY HONO, P177, DOI DOI 10.1075/Z.64.12PAR.
   Pearce M, 2011, ENGL TODAY, V27, P3, DOI 10.1017/S0266078411000307.
   Pichler H, 2010, J SOCIOLING, V14, P581, DOI 10.1111/j.1467-9841.2010.00455.x.
   Quirk R., 1985, COMPREHENSIVE GRAMMA.
   Ravindranath Maya, 2011, NEW WAYS AN VAR NWAV.
   Schutze C., 1996, EMPIRICAL BASE LINGU.
   Scott M, 2012, WORDSMITH TOOLS VERS.
   Tagliamonte S, 2005, AM SPEECH, V80, P280, DOI 10.1215/00031283-80-3-280.
   Tagliamonte S, 2005, J PRAGMATICS, V37, P1896, DOI 10.1016/j.pragma.2005.02.017.
   Tagliamonte SA, 2008, ENGL LANG LINGUIST, V12, P361, DOI 10.1017/S1360674308002669.
   Upton Clive, 1994, SURVEY ENGLISH DIALE.
   Vanderstoep S. W., 2009, RES METHODS EVERYDAY.
   Wagner E., 2010, CONTINUUM COMPANION, P22.
   Wales Katie, 2010, VARIETIES ENGLISH WR, P61, DOI DOI 10.1075/VEAW.G41.04WAL.
   Wales Katie, 2002, ALTERNATIVE HIST ENG, P45.
   Wright Joseph, 1898, ENGLISH DIALECT DICT, V1.}},
Number-of-Cited-References = {{62}},
Times-Cited = {{1}},
Usage-Count-Last-180-days = {{0}},
Usage-Count-Since-2013 = {{6}},
Journal-ISO = {{Engl. World-Wide}},
Doc-Delivery-Number = {{EJ0WX}},
Unique-ID = {{ISI:000392932800002}},
OA = {{Green Accepted}},
DA = {{2021-05-28}},
}

@article{ ISI:000357316000007,
Author = {Durkin, Philip},
Title = {{Mackems, Geordies and ram-raiders: documenting regional variation in
   historical dictionaries}},
Journal = {{ENGLISH LANGUAGE \& LINGUISTICS}},
Year = {{2015}},
Volume = {{19}},
Number = {{2, SI}},
Pages = {{313-326}},
Month = {{JUL}},
Abstract = {{The article examines the challenges encountered by historical
   dictionaries in documenting regional variation in lexis, and in
   recording and describing the association of lexical items with
   particular regionally based linguistic identities. After a short section
   looking at general issues in labelling the regional distribution and
   provenance of lexical items in historical dictionaries, it looks in
   detail at the OED's treatment of three test cases: Mackem ``person from
   Sunderland or Wearside'; pet as a term of endearment or form of address;
   and ram-raid and related terms. All three have some connection with the
   north-east of England, but this differs greatly in each case: ram-raid
   (probably) originated in Tyneside, but there is now little awareness of
   this either inside or outside the north-east; pet did not originate in
   the north-east, nor is it restricted to use in this region, but it is
   widely recognized as a marker of north-eastern (or sometimes
   specifically Tyneside) linguistic identity; Mackem has little currency
   outside the north-east, but within the region it has some importance in
   signalling a distinctive Sunderland or Wearside linguistic and cultural
   identity. The article places these different lexical histories in the
   context of current research on enregisterment of lexis, and examines how
   definitions, labelling, descriptive notes and carefully selected
   quotation evidence can all be pressed into service in attempting to
   present nuanced accounts of the histories of such lexical items in a
   historical dictionary.}},
Publisher = {{CAMBRIDGE UNIV PRESS}},
Address = {{EDINBURGH BLDG, SHAFTESBURY RD, CB2 8RU CAMBRIDGE, ENGLAND}},
Type = {{Article}},
Language = {{English}},
Affiliation = {{Durkin, P (Corresponding Author), Oxford Univ Press, Oxford English Dictionary, Great Clarendon St, Oxford OX2 6DP, England.
   Oxford Univ Press, Oxford English Dictionary, Oxford OX2 6DP, England.}},
DOI = {{10.1017/S1360674315000088}},
ISSN = {{1360-6743}},
EISSN = {{1469-4379}},
Research-Areas = {{Linguistics}},
Web-of-Science-Categories  = {{Linguistics; Language \& Linguistics}},
Author-Email = {{philip.durkin@oup.com}},
Funding-Acknowledgement = {{Grants-in-Aid for Scientific ResearchMinistry of Education, Culture,
   Sports, Science and Technology, Japan (MEXT)Japan Society for the
   Promotion of ScienceGrants-in-Aid for Scientific Research (KAKENHI)
   {[}23520584, 24720223] Funding Source: KAKEN}},
Cited-References = {{Agha A, 2003, LANG COMMUN, V23, P231, DOI 10.1016/S0271-5309(03)00012-0.
   Angus McIntosh, 1986, LINGUISTIC ATLAS LAT.
   Beal J, 2012, ENGL TODAY, V28, P10, DOI 10.1017/S0266078412000351.
   Beal JC, 2009, AM SPEECH, V84, P138, DOI 10.1215/00031283-2009-012.
   Beal Joan C., 2010, INTRO REGIONAL ENGLI.
   Beal Joan C., 2012, URBAN N E ENGLISH TY.
   Burchfield Robert W., 1987, STUDIES LEXICOGRAPHY.
   Cassidy Frederic, 1985, DICT AM REGIONAL ENG.
   Chris Montgomery, 2012, DIALECTOLOGICAL FOLK, p164 .
   Clive Upton, 1994, SURVEY ENGLISH DIALE.
   Durkin P, 2012, ENGL TODAY, V28, P3, DOI 10.1017/S0266078412000375.
   Elizabeth Baker Anne, 1854, GLOSSARY NORTHAMPTON.
   Franz Wenisch, 1979, SPEZIFISCH ANGLISCHE.
   Graue Gerald C., 1976, RECENT RES AM MUSIC, V3-4.
   Holliday J, 2013, J INF SCI, V39, P26, DOI 10.1177/0165551512470049.
   Jonathan Bate, 2003, J CLARE BIOGRAPHY.
   Katie Wales, 2006, NO ENGLISH.
   Lyle Campbell, 2004, HIST LINGUISTICS INT, V2nd.
   Margaret Laing, 2006, HDB HIST ENGLISH, P417.
   Peter Trudgill, 1999, DIALECTS ENGLAND.
   Philip Durkin, 2014, BORROWED WORDS HIST.
   Philip Durkin, 2009, OXFORD GUIDE ETYMOLO.
   Philip Durkin, 2010, JOSEPH WRIGHTS ENGLI, P201.
   Philip Durkin, 2010, VARIETIES WRITING WR, P43, DOI 10.1075/veaw.g41.
   Richard Dance, 2003, WORDS DERIVED OLD NO.
   Thomas Alan R., 1997, COMPUTER DEV LINGUIS, VII, P67.
   Thomas Sternberg, 1851, DIALECT FOLK LORE NO.
   Wakelin Martyn F., 1987, TREATMENT DIALECT EN, P156.
   Wieling M, 2014, LIT LINGUIST COMPUT, V29, P107, DOI 10.1093/llc/fqt009.
   Wolfgang Viereck, 1986, LINGUISTICS HIST GEO, V1, p725 , DOI {[}10.1515/9783110856132, DOI 10.1515/9783110856132].
   Wright Joseph, 1898, ENGLISH DIALECT DICT.}},
Number-of-Cited-References = {{31}},
Times-Cited = {{1}},
Usage-Count-Last-180-days = {{0}},
Usage-Count-Since-2013 = {{5}},
Journal-ISO = {{Engl. Lang. Linguist.}},
Doc-Delivery-Number = {{CL9RO}},
Unique-ID = {{ISI:000357316000007}},
DA = {{2021-05-28}},
}

@article{ ISI:000357316000009,
Author = {Fehringer, Carol and Corrigan, Karen},
Title = {{``You've got to sort of eh hoy the Geordie out': modals of obligation
   and necessity in fifty years of Tyneside English}},
Journal = {{ENGLISH LANGUAGE \& LINGUISTICS}},
Year = {{2015}},
Volume = {{19}},
Number = {{2, SI}},
Pages = {{355-381}},
Month = {{JUL}},
Abstract = {{This article examines the use of the semi-modals have to, have got to
   and need to in the Diachronic Electronic Corpus of Tyneside English
   (DECTE), a corpus of spoken Northeastern English dating from the late
   1960s to the present day. It will be shown that the semi-modals have, in
   many contexts, replaced the historically older must as markers of
   obligation and necessity in this variety. Moreover, the two most
   frequent variants in the corpus, have to and have got to, will be
   examined in the light of current theories of grammaticalisation.
   Internal and external constraints, which have been shown in the
   literature on root modality to have played an important role in the
   distribution of variants in other regional varieties of British and
   North American English, will be tested in DECTE. The article will also
   examine the rise of need to in this northeastern variety, as the most
   recent addition to the group of variants marking obligation and
   necessity.}},
Publisher = {{CAMBRIDGE UNIV PRESS}},
Address = {{EDINBURGH BLDG, SHAFTESBURY RD, CB2 8RU CAMBRIDGE, ENGLAND}},
Type = {{Article}},
Language = {{English}},
Affiliation = {{Fehringer, C (Corresponding Author), Newcastle Univ, Sch Modern Languages, Old Lib Bldg, Newcastle Upon Tyne NE1 7RU, Tyne \& Wear, England.
   Fehringer, Carol, Newcastle Univ, Sch Modern Languages, Newcastle Upon Tyne NE1 7RU, Tyne \& Wear, England.
   Corrigan, Karen, Newcastle Univ, Sch English Literature Language \& Linguist, Newcastle Upon Tyne NE1 7RU, Tyne \& Wear, England.}},
DOI = {{10.1017/S1360674315000131}},
ISSN = {{1360-6743}},
EISSN = {{1469-4379}},
Research-Areas = {{Linguistics}},
Web-of-Science-Categories  = {{Linguistics; Language \& Linguistics}},
Author-Email = {{carol.fehringer@ncl.ac.uk
   k.p.corrigan@ncl.ac.uk}},
Funding-Acknowledgement = {{Centre for Research in Linguistics and Language Sciences at Newcastle
   University; Arts and Humanities Research CouncilUK Research \&
   Innovation (UKRI)Arts \& Humanities Research Council (AHRC)
   {[}AH/H037691/1] Funding Source: researchfish}},
Funding-Text = {{We are grateful to the Centre for Research in Linguistics and Language
   Sciences at Newcastle University for an award to assist with the
   completion of this project from their SDF Fund for Research
   Collaboration and Infrastructure. We would also like to thank the two
   anonymous reviewers of the first draft of this paper for their very
   helpful feedback.}},
Cited-References = {{Allen W, 2007, CREATING AND DIGITIZING LANGUAGE CORPORA VOLUME 2: DIACHRONIC DATABASES, P16.
   Beal J., 2004, HDB VARIETIES ENGLIS, V2, P114, DOI Berlin.
   Beal Joan C., 2012, DIALECT ENGL.
   Beal Joan C., 2014, OXFORD HDB CORPUS PH, P517.
   Biber D., 1998, CORPUS LINGUISTICS I.
   Buchstaller Isabelle, RES NO ENGLISH.
   Bybee Joan Revere, 1994, EVOLUTION GRAMMAR TE.
   Close Joanne, 2010, ENGLISH HIST LINGUIS, V1, P165, DOI DOI 10.1075/CILT.314.13CLO.
   Coates J, 1983, SEMANTICS MODAL AUXI.
   Collins P, 2009, LANG COMPUT, V67, P1.
   Corrigan K.P., 2012, DIACHRONIC ELECT COR.
   Corrigan KP, 2014, LINGUAE LITT, V28, P113.
   Corrigan Karen P, 2000, ENGL WORLD-WIDE, V21, P25, DOI {[}10.1075/eww.21.1.03cor, DOI 10.1075/EWW.21.1.03COR].
   Cukor-Avila P, 2013, BLACKW HBK LINGUIST, P239.
   DENISON D, 1993, ENGLISH HIST SYNTAX.
   Denison David, 1998, CAMBRIDGE HIST ENGLI, VIV, P92.
   Dollinger Stefan, 2008, NEW DIALECT FORMATIO.
   Facchinetti R. M., 2003, MODALITY CONT ENGLIS.
   Fehringer Carol, ENGLISH TODAY.
   FISCHER O, 1994, NEOPHILOLOGUS, V78, P137, DOI 10.1007/BF00999959.
   FISCHER OLGA, 1992, CAMBRIDGE HIST ENGLI, V2, P207, DOI DOI 10.1017/CHOL9780521264754.
   Heine Bernd, 1993, AUXILIARIES CONGITIB.
   Hickey Raymond, RES NO ENGLISH.
   Hopper Paul., 2003, GRAMMATICALISATION.
   Hopper Paul J., 1991, APPROACHES GRAMMATIC, V1, P17.
   Jankowski Bridget, 2004, TORONTO WORKING PAPE, V23, P85.
   Johnson DE, 2009, LANG LINGUIST COMPAS, V3, P359, DOI 10.1111/j.1749-818x.2008.00108.x.
   Krug M., 2000, EMERGING ENGLISH MOD.
   Labov William., 2001, PRINCIPLES LINGUISTI.
   Leech G., 2009, CHANGE CONT ENGLISH.
   Mair C., 2006, HDB ENGLISH LINGUIST, P318.
   McDonald Christine, 1981, THESIS NEWCASTLE U.
   MYHILL J, 1995, LINGUISTICS, V33, P157, DOI 10.1515/ling.1995.33.2.157.
   Nokkonen S, 2010, CORPORA, V5, P45, DOI 10.3366/cor.2010.0003.
   Nokkonen Soili, 2006, INT J CORPUS LINGUIS, V11, P29.
   Palmer F.R., 2001, MOOD MODALITY.
   Sankoff David, 1988, SOCIOLINGUISTICS INT, P899.
   Sankoff David, 2005, GOLDVARB 10.
   Tagliamonte Sali, 2006, DIACHRONICA, V23, P341, DOI DOI 10.1075/DIA.23.2.06TAG.
   Tagliamonte SA, 2010, LANG VAR CHANGE, V22, P149, DOI 10.1017/S0954394510000050.
   Tagliamonte Sali A., 2012, VARIATIONIST SOCIOLO.
   Tagliamonte Sali A., 2004, CORPUS APPROACHES GR, P37.
   Tagliamonte Sali A., 2013, ROOTS ENGLSH EXPLORI.
   Tagliamonte Sali A., 2006, ANAL SOCIOLINGUISTIC.
   Tagliamonte Sali A., 2007, ENGL WORLD-WIDE, V28, P47, DOI {[}10.1075/eww.28.1.04tag, DOI 10.1075/EWW.28.1.04TAG].
   Trousdale Graeme, 2003, ENGL WORLD-WIDE, V24, P271, DOI DOI 10.1075/EWW.24.2.07TRO.
   Visser Fredericus Theodorus, 1969, HIST SYNTAX ENGLISH, V3.
   Warner Anthony, 1993, ENGLISH AUXILIARIES.}},
Number-of-Cited-References = {{48}},
Times-Cited = {{1}},
Usage-Count-Last-180-days = {{0}},
Usage-Count-Since-2013 = {{1}},
Journal-ISO = {{Engl. Lang. Linguist.}},
Doc-Delivery-Number = {{CL9RO}},
Unique-ID = {{ISI:000357316000009}},
DA = {{2021-05-28}},
}

@article{ ISI:000358176600003,
Author = {Fehringer, Carol and Corrigan, Karen},
Title = {{The rise of the going to future in Tyneside English Evidence for further
   grammaticalisation}},
Journal = {{ENGLISH WORLD-WIDE}},
Year = {{2015}},
Volume = {{36}},
Number = {{2}},
Pages = {{198-227}},
Abstract = {{This paper investigates the relative frequencies of the two major
   syntactic markers of future time expression (FTE), be going to and will
   in the Diachronic Electronic Corpus of Tyneside English (DECTE). In
   particular, the rise in the frequency of be going to will be examined in
   the light of current theories of grammaticalisation. The various
   grammatical constraints that have been identified in the literature as
   determining the distribution of will versus be going to will be
   investigated. It will be shown that a number of interesting changes have
   occurred within the fifty-year period covered by the data-set. In
   specific areas of grammar, contrasts have been maintained (e.g. first
   person versus the other persons in the favouring of will), strengthened
   (e.g. subordinate clauses versus main clauses in the favouring of going
   to), weakened (e.g. the dominance of will in contexts of distal future
   reference) or even introduced (e.g. the apodoses of if-clauses emerging
   as a syntactic niche for the favouring of will).}},
Publisher = {{JOHN BENJAMINS PUBLISHING CO}},
Address = {{PO BOX 36224, 1020 ME AMSTERDAM, NETHERLANDS}},
Type = {{Article}},
Language = {{English}},
Affiliation = {{Fehringer, C (Corresponding Author), Newcastle Univ, Ctr Res Linguist \& Language Sci, Newcastle Upon Tyne NE1 7RU, Tyne \& Wear, England.
   Fehringer, Carol; Corrigan, Karen, Newcastle Univ, Ctr Res Linguist \& Language Sci, Newcastle Upon Tyne NE1 7RU, Tyne \& Wear, England.}},
DOI = {{10.1075/eww.36.2.03feh}},
ISSN = {{0172-8865}},
EISSN = {{1569-9730}},
Keywords = {{future; grammaticalisation; variation; English; Tyneside; diachronic;
   frequency}},
Research-Areas = {{Linguistics}},
Web-of-Science-Categories  = {{Linguistics; Language \& Linguistics}},
Author-Email = {{carol.fehringer@newcastle.ac.uk
   k.p.corrigan@ncl.ac.uk}},
Funding-Acknowledgement = {{Centre for Research in Linguistics and Language Sciences at Newcastle
   University; SDF Fund for Research Collaboration and Infrastructure; Arts
   and Humanities Research CouncilUK Research \& Innovation (UKRI)Arts \&
   Humanities Research Council (AHRC) {[}AH/H037691/1] Funding Source:
   researchfish}},
Funding-Text = {{We are grateful to the Centre for Research in Linguistics and Language
   Sciences at Newcastle University for an award to assist with the
   completion of this project from their SDF Fund for Research
   Collaboration and Infrastructure. We would like to express our thanks to
   Claire Childs for research assistance with the statistical analyses, and
   we are also grateful to the two anonymous reviewers of the first draft
   of this paper for their very helpful feedback.}},
Cited-References = {{Allen W, 2007, CREATING AND DIGITIZING LANGUAGE CORPORA VOLUME 2: DIACHRONIC DATABASES, P16.
   Beal J. C., 1993, REAL ENGLISH GRAMMAR, P187.
   Beal JC, 2005, ASPECTS OF ENGLISH NEGATION, P139.
   BERGLUND Y, 1997, ICAME J, V21, P7.
   BERGLUND Y, 2000, ICAME J, V24, P25.
   Bybee J., 1991, APPROACHES GRAMMATIC, P17, DOI DOI 10.1075/TSL.19.2.04BYB.
   Bybee Joan Revere, 1994, EVOLUTION GRAMMAR TE.
   Cacoullos RT, 2009, LANGUAGE, V85, P321.
   Corrigan K.P., 2012, DIACHRONIC ELECT COR.
   Corrigan KP, 2014, LINGUAE LITT, V28, P113.
   Danchev A., 1994, STUDIES EARLY MODERN, P59.
   Denison David, 1998, CAMBRIDGE HIST ENGLI, VIV, P92.
   Dollinger Stefan, 2008, NEW DIALECT FORMATIO, DOI {[}10.1075/slcs.97, DOI 10.1075/SLCS.97].
   FISCHER OLGA, 1992, CAMBRIDGE HIST ENGLI, V2, P207, DOI DOI 10.1017/CHOL9780521264754.
   Gotti Maurizio, 2003, MODALITY CONT ENGLIS, P267.
   Harris J., 1993, REAL ENGLISH GRAMMAR, P139.
   Hopper P. J., 1993, GRAMMATICALIZATION.
   Hopper Paul J., 1991, APPROACHES GRAMMATIC, V1, P17.
   Johnson DE, 2009, LANG LINGUIST COMPAS, V3, P359, DOI 10.1111/j.1749-818x.2008.00108.x.
   Krug Manfred, 2000, EMERGING ENGLISH MOD, DOI {[}10.1515/9783110820980, DOI 10.1515/9783110820980].
   Leech G., 2003, MODALITY CONT ENGLIS, P223.
   Leech Geoffrey, 2009, CHANGE CONT ENGLISH, DOI {[}10.1017/CBO9780511642210, DOI 10.1017/CBO9780511642210].
   Mair C., 2006, 20 CENTURY ENGLISH H, DOI {[}10.1017/CBO9780511486951, DOI 10.1017/CBO9780511486951].
   Mair C., 2006, HDB ENGLISH LINGUIST, P318.
   Mair Christian, 1997, LANGUAGE HIST LINGUI, P1537, DOI DOI 10.1515/9783110820751.
   McDonald Christine, 1981, THESIS NEWCASTLE U.
   Miller Jim, 1993, REAL ENGLISH GRAMMAR, P99.
   MYHILL J, 1995, LINGUISTICS, V33, P157, DOI 10.1515/ling.1995.33.2.157.
   Nesselhauf N, 2012, J HIST LINGUIST, V2, P83, DOI 10.1075/jhl.2.1.06nes.
   Nesselhauf N, 2010, ENGL LANG LINGUIST, V14, P163, DOI 10.1017/S1360674310000043.
   Nesselhauf Nadja, 2014, LATE MODERN ENGLISH, P77, DOI {[}10.1017/CBO9781139507226.007, DOI 10.1017/CBO9781139507226.007].
   Nicolle S, 1997, J LINGUIST, V33, P355, DOI 10.1017/S0022226797006567.
   POPLACK S, 1999, LANG VAR CHANGE, V11, P315.
   Quirk R., 1985, COMPREHENSIVE GRAMMA.
   Royster Jane F., 1923, MANLY ANNIVERSARY ST, P394.
   Sankoff D., 2005, GOLDVARB X.
   Sankoff David, 1988, SOCIOLINGUISTICS INT, P899.
   Szmrecsanyi B, 2003, J ENGL LINGUIST, V31, P295.
   Tagliamonte Sali., 2012, VARIATIONIST SOCIOLI.
   Tagliamonte Sali A., 2013, ROOTS ENGLISH EXPLOR.
   Trousdale Graeme, 2003, MODALITY CONT ENGLIS, P373.
   Warner Anthony R., 1993, ENGLISH AUXILIARIES, DOI {[}10.1017/CBO9780511752995, DOI 10.1017/CBO9780511752995].}},
Number-of-Cited-References = {{42}},
Times-Cited = {{2}},
Usage-Count-Last-180-days = {{0}},
Usage-Count-Since-2013 = {{3}},
Journal-ISO = {{Engl. World-Wide}},
Doc-Delivery-Number = {{CN1JU}},
Unique-ID = {{ISI:000358176600003}},
DA = {{2021-05-28}},
}

@inproceedings{ ISI:000416508400009,
Author = {Hancil, Sylvie},
Editor = {{Hancil, S and Haselow, A and Post, M}},
Title = {{Grammaticalization of final but: from conjunction to final particle}},
Booktitle = {{FINAL PARTICLES}},
Series = {{Trends in Linguistics-Studies and Monographs}},
Year = {{2015}},
Volume = {{284}},
Pages = {{197-217}},
Note = {{International Conference on Final Particles, Rouen, FRANCE, MAY 27-28,
   2010}},
Abstract = {{This paper is a synchronic analysis of final but in the spoken parts of
   the British National Corpus (BNC) and the Newcastle Electronic Corpus of
   Tyneside English (NECTE). It studies the grammaticalization process of
   final but in the light of the five principles proposed in Hopper (1991):
   divergence, layering, specialization, persistence and decategorization.
   This is complemented by the examination of the semantic evolution of
   but, using the four pragmatic-semantic regularities illustrated in
   Traugott and Dasher (2002): truth-conditional > non-truth-conditional;
   content > procedural; scope within proposition > scope over proposition
   > scope over discourse; non-subjective > subjective > intersubjective.
   In particular, it is shown that the various meanings associated with the
   final particle but have an interactional function in the BNC, showing
   the implicit participation of the interlocutor, whereas in the NECTE
   corpus they have an interactive function, explicitly involving the
   participation of the interlocutor. It is demonstrated that final but is
   an instance of pragmaticization in Southern English whereas it is a
   matter of grammaticalization in Newcastle English. Sociolinguistic
   criteria (sex, age, socio-economic class, region) are also considered to
   identify the distribution of final but in Britain. The semantic
   behaviour of the final particle but is then accounted for in terms of
   Brown \& Levinson's theory of politeness.}},
Publisher = {{WALTER DE GRUYTER GMBH}},
Address = {{GENTHINER STRASSE 13, D-10785 BERLIN, GERMANY}},
Type = {{Proceedings Paper}},
Language = {{English}},
Affiliation = {{Hancil, S (Corresponding Author), Univ Rouen, Mont St Aignan, France.
   Hancil, Sylvie, Univ Rouen, Mont St Aignan, France.}},
ISSN = {{1861-4302}},
ISBN = {{978-3-11-037557-2; 978-3-11-035380-8}},
Keywords = {{final particle; conjunction; discourse marker; grammaticalization;
   pragmaticalization}},
Keywords-Plus = {{DISCOURSE MARKERS; MODAL PARTICLES}},
Research-Areas = {{Linguistics}},
Web-of-Science-Categories  = {{Linguistics; Language \& Linguistics}},
Cited-References = {{Abraham Werner, 1991, DISCOURSE PARTICLES, P220.
   Beeching Kate, PRAGMATICS NEW SERIE, V104.
   Brown Penelope, 1987, POLITENESS SOME UNIV.
   Ford Cecilia, 1996, INTERACTION GRAMMAR, V13, P134, DOI DOI 10.1017/CBO9780511620874.003.
   Grice P., 1975, SYNTAX SEMANTICS, V3, P41, DOI DOI 10.1111/J.1365-2664.2006.01229.X.
   Gussenhoven C., 2004, PHONOLOGY TONE INTON.
   Haegeman Liliane, 1991, ASPECTS MODERN ENGLI, P232.
   Haselow A, 2012, LANG COMMUN, V32, P182, DOI 10.1016/j.langcom.2012.04.008.
   Hopper Paul J., 1987, P 13 ANN M BERK LING, V13, P139, DOI DOI 10.3765/BLS.V13I0.1834.
   Hopper Paul J., 1991, APPROACHES GRAMMATIC, V1, P17.
   Kerbrat-Orecchioni Catherine, 1997, PRAGMATICS, V7, P1, DOI DOI 10.1075/PRAG.7.1.01KER.
   Mulder J, 2008, TYPOL ST L, V80, P179.
   Mulder Jean, 2009, COMP STUDIES AUSTR N, P337, DOI {[}10.1075/veaw.g39.19mul, DOI 10.1075/VEAW.G39.19MUL].
   Pomerantz A., 1984, STRUCTURES SOCIAL AC, P57, DOI DOI 10.1017/CBO9780511665868.008.
   Roberts Ian., 1995, CLAUSE STRUCTURE LAN, P140.
   Strauss S, 2009, J PRAGMATICS, V41, P1287, DOI 10.1016/j.pragma.2009.02.006.
   Traugott E., 2002, REGULARITY SEMANTIC.
   Traugott EC, 2007, CATALAN J LINGUIST, V6, P139.
   Traugott Elizabeth Closs, 2010, VARIATION CHANGE ENG, P11, DOI {[}10.1515/9783110220339.1.11, DOI 10.1515/9783110220339.1.11].
   Waltereit R, 2007, CATALAN J LINGUIST, V6, P61.
   Waltereit Richard, 2012, GRAMMATICALIZATION L, P51, DOI DOI 10.1075/SLCS.130.03WAL.}},
Number-of-Cited-References = {{21}},
Times-Cited = {{2}},
Usage-Count-Last-180-days = {{0}},
Usage-Count-Since-2013 = {{0}},
Doc-Delivery-Number = {{BI9WM}},
Unique-ID = {{ISI:000416508400009}},
DA = {{2021-05-28}},
}

@article{ ISI:000318288600005,
Author = {Mumby, Katharyn and Whitworth, Anne},
Title = {{Adjustment processes in chronic aphasia after stroke: Exploring multiple
   perspectives in the context of a community-based intervention}},
Journal = {{APHASIOLOGY}},
Year = {{2013}},
Volume = {{27}},
Number = {{4}},
Pages = {{462-489}},
Month = {{APR 1}},
Abstract = {{Background: The impact of chronic aphasia following stroke on quality of
   life (QOL) is widely acknowledged, with improved QOL recognised as an
   important outcome in aphasia recovery and supported by emerging
   quantitative measures. One of the key constructs recognised as
   contributing to QOL in other chronic conditions is psychosocial
   adjustment, the mechanisms of which are little understood for the person
   with aphasia. Aims: This study addressed adjustment processes in aphasia
   by exploring multiple perspectives from people engaged in the
   Communication Hub for Aphasia in North Tyneside (CHANT), a two-year
   community intervention for long-term aphasia. The study aimed to explore
   the adjustment process over time in people with aphasia using thematic
   analysis of personal narratives derived from a combination of sources:
   semi-structured interviews with reflections on experiences, quantitative
   measures of change in QOL and self-assessments of change. Methods \&
   Procedures: Three people with mild or moderate chronic aphasia and three
   people without aphasia involved in CHANT were recruited (a carer, a
   volunteer, and a local government employee) to participate in
   semi-structured interviews at two- to three-month intervals over a
   12-month period. A total of 28 semi-structured interviews were
   transcribed and analysed thematically by a small team using NVivo8
   software. Narrative data were interpreted within the broader context of
   QOL measures and self-assessments of living with aphasia (Mumby \&
   Whitworth, 2012). Outcomes \& Results: Changes over time that reflected
   evidence of psychosocial adjustment from the multiple perspectives of
   the participants covered five core themes: Intervention type,
   Effectiveness, Barriers, Facilitators, and QOL. A model is proposed to
   encapsulate the barriers and facilitators that impacted on the process
   of adjustment and contributed to QOL for individuals involved in the
   intervention. This model is consistent with the domains from other
   classifications based on the International Classification of
   Functioning, Disability and Health (ICF; World Health Organization,
   2001), viewing adjustment as a progression towards wholeness. The
   processes involved in personal (and specifically, emotional) adjustment
   to aphasia are explored, including three stages in
   rationalisationLooking back, Looking around, and Looking forwardand the
   process of transforming negative emotional reactions into positive
   outcomes. Conclusions: The processes of adjustment in chronic aphasia
   are complex and vary both over time and according to individual
   perspectives and circumstances. This preliminary longitudinal study
   identified commonalities in participants engaged in long-term
   intervention over 12 months, enabling models of adjustment to be
   proposed for further exploration and evaluation.}},
Publisher = {{ROUTLEDGE JOURNALS, TAYLOR \& FRANCIS LTD}},
Address = {{2-4 PARK SQUARE, MILTON PARK, ABINGDON OX14 4RN, OXON, ENGLAND}},
Type = {{Article}},
Language = {{English}},
Affiliation = {{Mumby, K (Corresponding Author), Royal Devon \& Exeter Hosp, SLT Dept, Wonford Site,Barrack Rd, Exeter EX2 5DW, Devon, England.
   Mumby, Katharyn, Royal Devon \& Exeter Hosp, SLT Dept, Exeter EX2 5DW, Devon, England.
   Whitworth, Anne, Curtin Univ Technol, Curtin Hlth Innovat \& Res Inst, Sch Psychol \& Speech Pathol, Perth, WA, Australia.}},
DOI = {{10.1080/02687038.2013.772559}},
ISSN = {{0268-7038}},
EISSN = {{1464-5041}},
Keywords = {{Aphasia; Quality of life; Adjustment; Chronic; Stroke; Intervention}},
Keywords-Plus = {{QUALITY-OF-LIFE; PSYCHOLOGICAL DISTRESS; PSYCHOSOCIAL PROBLEMS;
   SOCIAL-PARTICIPATION; PEOPLE; COMMUNICATION; OUTCOMES; HEALTH;
   POSTSTROKE; EXPERIENCE}},
Research-Areas = {{Audiology \& Speech-Language Pathology; Linguistics; Neurosciences \&
   Neurology; Rehabilitation}},
Web-of-Science-Categories  = {{Audiology \& Speech-Language Pathology; Linguistics; Clinical Neurology;
   Rehabilitation}},
Author-Email = {{katharyn.mumby@nhs.net}},
ResearcherID-Numbers = {{Whitworth, Anne/AAX-4888-2020
   }},
ORCID-Numbers = {{Whitworth, Anne/0000-0002-4653-0782
   Mumby, Katharyn/0000-0002-4028-7400}},
Funding-Acknowledgement = {{North of Tyne Speech and Language Therapy Research Collaboration}},
Funding-Text = {{The authors wish to acknowledge all who took part in CHANT, including
   coworker Sarah Taylor. The CHANT project was made possible by the North
   Tyneside Council, in partnership with the North Tyneside Primary Care
   Trust and Northumbria Healthcare NHS Foundation Trust, and the Stroke
   Association. The authors gratefully acknowledge the contribution of
   Elaine Hall and Ulrike Thomas (Faculty of Humanities and Social
   Sciences, Newcastle University) in assisting with the analysis and
   providing alternative perspectives, and to Katie Chapman, Catherine
   Fishwick, Nicola Graf, Andrea Pingree, Nicola Randall, and Victoria
   Wilkinson, for conducting the interviews. The evaluation was funded by
   the North of Tyne Speech and Language Therapy Research Collaboration.
   Declaration of interest: The authors report no conflicts of interest.
   The authors alone are responsible for the content and writing of the
   paper.}},
Cited-References = {{Attride-Stirling J., 2001, QUAL RES, V1, P385, DOI DOI 10.1177/146879410100100307.
   Barrow R, 2008, INT J LANG COMM DIS, V43, P30, DOI 10.1080/13682820701697947.
   Brown K, 2010, APHASIOLOGY, V24, P1267, DOI 10.1080/02687031003755429.
   BRUMFITT S, 1993, APHASIOLOGY, V7, P569, DOI 10.1080/02687039308248631.
   Byng Sally, 2001, APHASIA THERAPY FILE.
   Care Quality Commission, 2011, SUPP LIF STROK REV S.
   Christensen AL, 1997, APHASIOLOGY, V11, P727, DOI 10.1080/02687039708249419.
   Code C, 2001, BRAIN LANG, V77, P25, DOI 10.1006/brln.2000.2420.
   Code Chris, 1999, Seminars in Speech and Language, V20, P19, DOI 10.1055/s-2008-1064006.
   Code C, 2011, INT J SPEECH-LANG PA, V13, P3, DOI 10.3109/17549507.2010.520090.
   Cruice M, 2005, APHASIOLOGY, V19, P111, DOI 10.1080/02687030444000651.
   Cruice M, 2003, APHASIOLOGY, V17, P333, DOI 10.1080/02687030244000707.
   Cruice M, 2010, APHASIOLOGY, V24, P327, DOI 10.1080/02687030802565849.
   D'Alisa S, 2005, ACTA NEUROL SCAND, V112, P157, DOI 10.1111/j.1600-0404.2005.00466.x.
   Dalemans RJP, 2010, INT J LANG COMM DIS, V45, P537, DOI 10.3109/13682820903223633.
   Dalemans RJP, 2010, DISABIL REHABIL, V32, P1678, DOI 10.3109/09638281003649938.
   Damico JS, 1999, APHASIOLOGY, V13, P651, DOI 10.1080/026870399401768.
   Daniel K, 2009, STROKE, V40, pE431, DOI {[}10.1161/STROKEAHA.108.534487, 10.1161/STROKEAHA.108.535088].
   DoRozario L, 1997, DISABIL REHABIL, V19, P427.
   Doyle PJ, 2003, APHASIOLOGY, V17, P291, DOI 10.1080/729255459.
   Egnew TR, 2005, ANN FAM MED, V3, P255, DOI 10.1370/afm.313.
   Engelter ST, 2006, STROKE, V37, P1379, DOI 10.1161/01.STR.0000221815.64093.8c.
   Gainotti G, 1997, APHASIOLOGY, V11, P635, DOI 10.1080/02687039708249412.
   Gillespie A, 2010, APHASIOLOGY, V24, P1559, DOI 10.1080/02687038.2010.500810.
   Gordon JK, 1997, APHASIOLOGY, V11, P845, DOI 10.1080/02687039708250460.
   Green J, 1998, BMJ-BRIT MED J, V316, P1230, DOI 10.1136/bmj.316.7139.1230.
   Herrmann M, 1997, APHASIOLOGY, V11, P717, DOI 10.1080/02687039708249418.
   Hilari K, 2006, APHASIOLOGY, V20, P17, DOI 10.1080/02687030500279982.
   Hilari K, 2003, STROKE, V34, P1944, DOI 10.1161/01.STR.0000081987.46660.ED.
   Hilari K, 2012, ARCH PHYS MED REHAB, V93, pS86, DOI 10.1016/j.apmr.2011.05.028.
   Hilari K, 2011, DISABIL REHABIL, V33, P211, DOI 10.3109/09638288.2010.508829.
   Hilari K, 2010, CLIN REHABIL, V24, P181, DOI 10.1177/0269215509346090.
   Hilari K, 2009, CLIN REHABIL, V23, P544, DOI 10.1177/0269215508101729.
   Hinckley JJ, 2002, J COMMUN DISORD, V35, P543, DOI 10.1016/S0021-9924(02)00119-3.
   Hoen B, 1997, APHASIOLOGY, V11, P681, DOI 10.1080/02687039708249415.
   Intercollegiate Stroke Working Party, 2012, NAT CLIN GUID STROK.
   Kagan A, 2010, ASSESSMENT LIVING AP.
   Kagan A, 2008, APHASIOLOGY, V22, P258, DOI 10.1080/02687030701282595.
   Kubler-Ross E., 1969, DEATH DYING.
   Mackinlay Elizabeth B., 2001, SPIRITUAL DIMENSION.
   McClung JS, 2010, FRONT HUM NEUROSCI, V4, DOI 10.3389/fnhum.2010.00183.
   McKevitt C, 2004, STROKE, V35, P1499, DOI 10.1161/01.STR.0000127532.64840.36.
   Morris J, 2011, APHASIOLOGY, V25, P890, DOI 10.1080/02687038.2010.549568.
   Mumby K, 2012, INT J LANG COMM DIS, V47, P398, DOI 10.1111/j.1460-6984.2012.00153.x.
   Pearl G, 2011, DISABIL REHABIL, V33, P1805, DOI 10.3109/09638288.2010.549285.
   Pound C, 2001, APHASIOLOGY, V15, P477, DOI 10.1080/02687040143000159.
   Ross KB, 2003, APHASIOLOGY, V17, P355, DOI 10.1080/02687030244000716.
   RYFF CD, 1989, INT J BEHAV DEV, V12, P35, DOI 10.1177/016502548901200102.
   Simmons-Mackie N, 1999, APHASIOLOGY, V13, P681, DOI 10.1080/026870399401786.
   Simmons-Mackie NN, 2007, APHASIOLOGY, V21, P39, DOI 10.1080/02687030600798287.
   Sundin K, 2001, QUAL HEALTH RES, V11, P308, DOI 10.1177/104973201129119127.
   Tanner D. C., 1988, APHASIOLOGY, V7, P79.
   van der Gaag A, 2005, CLIN REHABIL, V19, P372, DOI 10.1191/0269215505cr785oa.
   World Health Organization, 2001, INT CLASS FUNCT DIS.
   Worrall L, 2011, APHASIOLOGY, V25, P309, DOI 10.1080/02687038.2010.508530.}},
Number-of-Cited-References = {{55}},
Times-Cited = {{15}},
Usage-Count-Last-180-days = {{0}},
Usage-Count-Since-2013 = {{32}},
Journal-ISO = {{Aphasiology}},
Doc-Delivery-Number = {{135LC}},
Unique-ID = {{ISI:000318288600005}},
DA = {{2021-05-28}},
}

@inproceedings{ ISI:000320623100008,
Author = {de Lopez, Kathrin Luckmann},
Editor = {{Andersen, G and Bech, K}},
Title = {{Clause-final man in Tyneside English}},
Booktitle = {{ENGLISH CORPUS LINGUISTICS: VARIATION IN TIME, SPACE AND GENRE}},
Series = {{Language and Computers}},
Year = {{2013}},
Number = {{77}},
Pages = {{139-162}},
Note = {{32nd Conference of the International Computer Archive of Modern and
   Medieval English (ICAME 32), Oslo Sentrum, NORWAY, JUN 01-05, 2011}},
Organization = {{Univ Oslo; Norwegian Sch Econ \& Business Adm; Uni Res AS; Univ Oslo,
   Dept Literature Area Studies \& European Languages; Res Council Norway;
   Stig Johansson; NHH 2011 75ar; Univ Bergen; John Benjamins Publishing
   Co; continuum}},
Abstract = {{This paper addresses i) the categorization of man as a vocative, ii) its
   pragmatic functions and iii) its `macro function' of indexing regional
   identity in Tyneside English. The results provide evidence that Tyneside
   man, in contrast to other vocatives, fulfils predominantly textual and
   interpersonal functions, challenging previous definitions of vocatives.
   In the data, man is restricted in its syntactic mobility, only occurring
   in the final position; it is highly frequent and mainly occurs within
   intonation patterns closely associated with Tyneside English. The
   vocative can be used by men and women to address individuals of either
   sex or (mixed or same-sex) groups. It can express working-class
   solidarity and `Geordieness'.}},
Publisher = {{EDITIONS RODOPI B V}},
Address = {{TIJNMUIDEN 7, 1046 AK AMSTERDAM, NETHERLANDS}},
Type = {{Proceedings Paper}},
Language = {{English}},
Affiliation = {{de Lopez, Kathrin Luckmann, Univ Duisburg Essen, Duisburg, Germany.}},
ISSN = {{0921-5034}},
ISBN = {{978-90-420-3679-6}},
Research-Areas = {{Linguistics}},
Web-of-Science-Categories  = {{Language \& Linguistics}},
Cited-References = {{Aijmer K., 2002, ENGLISH DISCOURSE PA.
   Alba-Juez Laura, 2009, LITTLE WORDS, p171e183.
   {[}Anonymous], 2006, MAIL ONLINE     0817, P17.
   Bamford R., 1983, WIEDERSEHEN PET.
   Beal J.C., 1999, LORE LANGUAGE, V17, P33.
   Beal JC, 2012, DIALECT ENGL, P1.
   Beal J, 2008, VARIETIES OF ENGLISH 1: THE BRITISH ISLES, P373.
   Biber D., 1999, LONGMAN GRAMMAR SPOK.
   Billen A., 2002, NEW STATESMAN, P46.
   Brinton L.J., 2006, HDB HIST ENGLISH PP, P307.
   Brinton LaurelJ., 1996, PRAGMATIC MARKERS EN.
   Busse B., 2006, VOCATIVE CONSTRUCTIO.
   Carter R., 2006, CAMBRIDGE GRAMMAR EN.
   Colls R., 2004, NO REV J REGIONAL CU, V14, P114.
   Coupland N, 2007, KEY T SOCIOLINGUIST, P1, DOI 10.1017/CBO9780511755064.
   Cruttenden Alan, 1994, STUDIES GEN ENGLISH, P155.
   Culpeper J, 1996, J PRAGMATICS, V25, P349, DOI 10.1016/0378-2166(95)00014-3.
   Dobson S., 1986, LARN YERSEL GEORDIE.
   Donald Simon, 2006, GUARDIAN.
   Dunkling Leslie, 1990, DICT EPITHETS TERMS.
   Enfield H., 1988, FRIDAY NIGHT LIVE CH.
   Fleischman S., 2004, DISCOURSE LANGUAGES, P129, DOI DOI 10.1075/SLCS.68.08FLE.
   Fought C, 2006, KEY T SOCIOLINGUIST, P1, DOI 10.1017/CBO9780511791215.
   Fraser B, 1999, J PRAGMATICS, V31, P931, DOI 10.1016/S0378-2166(98)00101-5.
   Fraser Bruce, 1996, PRAGMATICS, V6, P167, DOI DOI 10.1075/PRAG.6.2.03FRA.
   HOLMES J, 1986, LANG SOC, V15, P1, DOI 10.1017/S0047404500011623.
   Kerswill P., 2002, LANGUAGE CHANGE INTE, P81, DOI DOI 10.1515/9783110892598.81.
   Kiesling SF, 2004, AM SPEECH, V79, P281, DOI 10.1215/00031283-79-3-281.
   Klemola J., 1999, DIALECTAL VARIATION, P17.
   Kuiper K., 1994, ENGLISH WORLD SOCIOL, P200.
   Labov W., 1972, SOCIOLINGUISTIC PATT.
   Leech Geoffrey, 1999, OUT CORPORA STUDIES, P107.
   LOCAL J, 1986, INTONATION DISCOURSE, P181.
   Maconie S., 2007, PIES PREJUDICE SEARC.
   Pellowe John, 1978, SOCIOLINGUISTIC PATT, P101.
   Quaglio P, 2009, STUD CORPUS LINGUIST, V36, P1.
   Rowe C, 2007, LANG SCI, V29, P360, DOI 10.1016/j.langsci.2006.12.013.
   Scannell P., 1996, RADIO TELEVISION MOD.
   SWERTS M, 1994, LANG SPEECH, V37, P21, DOI 10.1177/002383099403700102.
   Tagliamonte S, 2005, AM SPEECH, V80, P280, DOI 10.1215/00031283-80-3-280.
   Templeton Guy, 2011, GEORDIE SHORE.
   Trudgill Peter., 1986, DIALECTS CONTACT.
   WALES K, 2006, NO ENGLISH.
   Watt D., 1999, URBAN VOICES ACCENT, P25.
   Wells John, 1982, ACCENTS ENGLISH, V2.
   Wells John, 2006, ENGLISH INTONATION.
   WILLIAMSON J, 1990, EDUC STUD, V16, P251, DOI 10.1080/0305569900160304.
   Wright Joseph, 1898, ENGLISH DIALECT DICT.
   Younger P.L., 1992, GEORDIES ROOTS REGIO, P169.}},
Number-of-Cited-References = {{49}},
Times-Cited = {{2}},
Usage-Count-Last-180-days = {{0}},
Usage-Count-Since-2013 = {{0}},
Doc-Delivery-Number = {{BFN48}},
Unique-ID = {{ISI:000320623100008}},
DA = {{2021-05-28}},
}

@article{ ISI:000306312200006,
Author = {Mumby, Katharyn and Whitworth, Anne},
Title = {{Evaluating the effectiveness of intervention in long-term aphasia
   post-stroke: the experience from CHANT (Communication Hub for Aphasia in
   North Tyneside)}},
Journal = {{INTERNATIONAL JOURNAL OF LANGUAGE \& COMMUNICATION DISORDERS}},
Year = {{2012}},
Volume = {{47}},
Number = {{4}},
Pages = {{398-412}},
Month = {{JUL-AUG}},
Abstract = {{Background: Despite recognition of the need for increased long-term
   support for people with aphasia following stroke, there remains limited
   evidence for effective service-level interventions. Aims: To evaluate
   the outcomes and experiences of people participating in the
   Communication Hub for Aphasia in North Tyneside (CHANT), a 2-year
   partnership project between health, local authority and third-sector
   services, shaped by people with aphasia, which provided a coordinated
   programme of support and interventions for people with long-term aphasia
   following stroke. Methods \& Procedures: Quantitative and qualitative
   methods were used in the evaluation. Thirty-nine participants with
   aphasia were recruited to the 12-month study as they became part of
   CHANT, with 20 completing all measures at the end of the study.
   Participants had no other speech and language therapy during the study.
   Quantitative measures (before and after intervention) were used for
   quality of life, self-report outcomes and goal attainment. Three of the
   participants with aphasia and three further people involved in the
   service (carer, volunteer, public sector worker) each agreed to a series
   of five semi-structured interviews over a 9-month period. A total of 28
   interviews were collected using neutral interviewers; these were
   transcribed and analysed by a team within NVivo8 software, based on
   interpretive principles from grounded theory. Thematic analysis of the
   narratives explored the experience of engaging with CHANT, and the
   barriers and facilitators affecting quality of life. Outcomes \&
   Results: People with aphasia made significant gains in quality of life
   (in particular, in communication and psychosocial adjustment to stroke)
   and self-report measures of change. A total of 82\% of real-life goals
   set as part of intervention were fully or partially achieved at
   follow-up. Five core themes emerged from the narratives: Quality of
   life, Barriers, Facilitators, Types of CHANT activity and Effectiveness.
   The intervention was evaluated through the theme of Effectiveness in
   relation to the other themes, encapsulating emerging participant views
   (including the type and timeliness of activity, expectations of
   outcomes, resources and perceived value). The impact of the intervention
   was also analysed in terms of identifying barriers and providing
   facilitators. Conclusions \& Implications: The quantitative and
   qualitative (narrative) findings were complementary in demonstrating the
   effectiveness of the CHANT service delivery model. Moreover, the
   narratives, through a longitudinal perspective, provided evidence about
   people's experience of intervention for long-term aphasia. The findings
   provide foundations for further work into long-term recovery,
   intervention and adjustment to aphasia post-stroke.}},
Publisher = {{WILEY}},
Address = {{111 RIVER ST, HOBOKEN 07030-5774, NJ USA}},
Type = {{Article}},
Language = {{English}},
Affiliation = {{Mumby, K (Corresponding Author), Newcastle Univ, Sch Educ Commun \& Language Sci, King George VI Bldg, Newcastle Upon Tyne NE1 7RU, Tyne \& Wear, England.
   Mumby, Katharyn, Newcastle Univ, Sch Educ Commun \& Language Sci, Newcastle Upon Tyne NE1 7RU, Tyne \& Wear, England.
   Whitworth, Anne, Curtin Univ Technol, Sch Psychol \& Speech Pathol, Fac Hlth Sci, Perth, WA 6102, Australia.}},
DOI = {{10.1111/j.1460-6984.2012.00153.x}},
ISSN = {{1368-2822}},
EISSN = {{1460-6984}},
Keywords = {{aphasia; stroke; outcome measures; evidence-based practice}},
Keywords-Plus = {{QUALITY-OF-LIFE; PEOPLE; STROKE; PARTICIPATION; PARTNERS; SERVICES;
   SAQOL-39; ADULTS; HEALTH}},
Research-Areas = {{Audiology \& Speech-Language Pathology; Linguistics; Rehabilitation}},
Web-of-Science-Categories  = {{Audiology \& Speech-Language Pathology; Linguistics; Rehabilitation}},
Author-Email = {{kath.mumby@ncl.ac.uk}},
ResearcherID-Numbers = {{Whitworth, Anne/AAX-4888-2020
   }},
ORCID-Numbers = {{Whitworth, Anne/0000-0002-4653-0782
   Mumby, Katharyn/0000-0002-4028-7400}},
Funding-Acknowledgement = {{North of Tyne Speech and Language Therapy Research Collaboration}},
Funding-Text = {{The authors wish to acknowledge all who took part in CHANT, in
   particular co-worker Sarah Taylor. The CHANT project was made possible
   by North Tyneside Council, in partnership with North Tyneside Primary
   Care Trust and Northumbria Healthcare NHS Foundation Trust, and the
   Stroke Association. The authors gratefully acknowledge the contribution
   of Elaine Hall and Ulrike Thomas (Centre for Learning and Teaching,
   Faculty of Education, Newcastle University) in assisting with the
   analysis and for providing alternative perspectives. Thanks to Katie
   Chapman, Catherine Fishwick, NicolaGraf, Andrea Pingree, Nicola Randall
   and Victoria Wilkinson who carried out the interviews. The evaluation
   was funded by the North of Tyne Speech and Language Therapy Research
   Collaboration. Declaration of interest: The authors report no conflicts
   of interest. The authors alone are responsible for the content and
   writing of the paper.}},
Cited-References = {{Attride-Stirling J., 2001, QUAL RES, V1, P385, DOI DOI 10.1177/146879410100100307.
   Brown K, 2010, APHASIOLOGY, V24, P1267, DOI 10.1080/02687031003755429.
   Care Quality Commission, 2011, SUPP LIF STROK REV S.
   Code C, 2011, INT J SPEECH-LANG PA, V13, P3, DOI 10.3109/17549507.2010.520090.
   CONNECT (COMMUNICATION DISABILITY NETWORK), 2009, COMM ACC TOOLK.
   Cruice M, 2003, APHASIOLOGY, V17, P333, DOI 10.1080/02687030244000707.
   Cruice M, 2010, APHASIOLOGY, V24, P327, DOI 10.1080/02687030802565849.
   Dalemans RJP, 2010, INT J LANG COMM DIS, V45, P537, DOI 10.3109/13682820903223633.
   Daniel K, 2009, STROKE, V40, pE431, DOI {[}10.1161/STROKEAHA.108.534487, 10.1161/STROKEAHA.108.535088].
   Department of Health, 2007, NAT STROK STRAT.
   Hackett ML, 2005, STROKE, V36, P2296, DOI 10.1161/01.STR.0000183622.75135.a4.
   Hilari K, 2003, STROKE, V34, P1944, DOI 10.1161/01.STR.0000081987.46660.ED.
   Hilari K, 2009, CLIN REHABIL, V23, P544, DOI 10.1177/0269215508101729.
   Hoen B, 1997, APHASIOLOGY, V11, P681, DOI 10.1080/02687039708249415.
   Horton S, 1998, Int J Lang Commun Disord, V33 Suppl, P126.
   Kagan A, 2001, J SPEECH LANG HEAR R, V44, P624, DOI 10.1044/1092-4388(2001/051).
   Kagan A, 2008, APHASIOLOGY, V22, P258, DOI 10.1080/02687030701282595.
   Lock S, 2005, DISABIL SOC, V20, P33, DOI 10.1080/0968759042000283629.
   Lyon JG, 1997, APHASIOLOGY, V11, P693, DOI 10.1080/02687039708249416.
   McClung JS, 2010, FRONT HUM NEUROSCI, V4, DOI 10.3389/fnhum.2010.00183.
   McKevitt C, 2010, STROKE ASS UK STROKE.
   Moran-Ellis J., 2006, QUAL RES, V6, P45, DOI {[}DOI 10.1177/1468794106058870, 10.1177/1468794106058870].
   Murphy E., 1998, HLTH TECHNOL ASSESS, V2, P1, DOI DOI 10.3310/HTA2160.
   Pound C, 2001, APHASIOLOGY, V15, P477, DOI 10.1080/02687040143000159.
   Quinn J., 2008, RCSLT B          OCT, P18.
   Ross A, 2006, APHASIOLOGY, V20, P427, DOI 10.1080/02687030500532786.
   Simmons-Mackie NN, 2007, APHASIOLOGY, V21, P39, DOI 10.1080/02687030600798287.
   van der Gaag A, 2005, CLIN REHABIL, V19, P372, DOI 10.1191/0269215505cr785oa.
   World Health Organization, 2001, INT CLASS FUNCT DIS.
   Worrall L, 2011, APHASIOLOGY, V25, P309, DOI 10.1080/02687038.2010.508530.}},
Number-of-Cited-References = {{30}},
Times-Cited = {{22}},
Usage-Count-Last-180-days = {{0}},
Usage-Count-Since-2013 = {{28}},
Journal-ISO = {{Int. J. Lang. Commun. Disord.}},
Doc-Delivery-Number = {{972WP}},
Unique-ID = {{ISI:000306312200006}},
DA = {{2021-05-28}},
}

@article{ ISI:000291539000004,
Author = {Buchstaller, Isabelle},
Title = {{Quotations across the generations: A multivariate analysis of speech and
   thought introducers across 5 decades of Tyneside speech}},
Journal = {{CORPUS LINGUISTICS AND LINGUISTIC THEORY}},
Year = {{2011}},
Volume = {{7}},
Number = {{1, SI}},
Pages = {{59-92}},
Month = {{MAY}},
Abstract = {{This paper reports on changes in the system of speech and thought
   introducers that are brought about by the adoption of innovations.
   Quantitative variationist analysis of a newly created corpus that spans
   5 decades of conversational recordings in North-Eastern England
   investigates three questions: (1) What effect do extralinguistic and
   intralinguistic variables have on the relative distribution of the
   variants diachronically? (2) What are the determinants of change? (3) To
   what extent do different strategies of variable definition, in
   particular choices about the inclusion of internal states, determine the
   outcome of the investigation? Innovative methodology allows me to
   pinpoint the loci of the change that has been sparked by the intrusion
   of innovations, both in terms of repository of forms but also regarding
   the constraints that condition the whole system.}},
Publisher = {{DE GRUYTER MOUTON}},
Address = {{GENTHINER STRASSE 13, 10785 BERLIN, GERMANY}},
Type = {{Article}},
Language = {{English}},
Affiliation = {{Buchstaller, I (Corresponding Author), Newcastle Univ, Newcastle Upon Tyne NE1 7RU, Tyne \& Wear, England.
   Newcastle Univ, Newcastle Upon Tyne NE1 7RU, Tyne \& Wear, England.}},
DOI = {{10.1515/CLLT.2011.004}},
ISSN = {{1613-7027}},
EISSN = {{1613-7035}},
Keywords = {{sociolinguistics; quotation; like; speech and thought; diachrony}},
Keywords-Plus = {{REPORTED SPEECH; DIALOGUE}},
Research-Areas = {{Linguistics}},
Web-of-Science-Categories  = {{Linguistics; Language \& Linguistics}},
Author-Email = {{i.buchstaller@newcastle.ac.uk}},
Cited-References = {{Acton C, 2009, SPSS SOCIAL SCI.
   Aikhenvald A., 2004, EVIDENTIALITY.
   Baker Zipporah, 2006, NWAV35 COL OH NOV 9.
   Banfield A, 1982, UNSPEAKABLE SENTENCE.
   Barbieri F, 2009, ENGL WORLD-WIDE, V30, P68, DOI 10.1075/eww.30.1.05bar.
   Barnfield Katie, 2009, NWAV 38 U OTT OCT 22.
   Bayley R., 2002, HDB LANGUAGE VARIATI, P117.
   BESNIER N, 1993, CROSS CULTURAL APPRO, P62.
   Blake R., 1997, LANG VAR CHANGE, V9, P57, DOI DOI 10.1017/S0954394500001794.
   BLYTH C, 1990, AM SPEECH, V65, P215, DOI 10.2307/455910.
   BUCHSTALLER I, 2004, THESIS U EDINBURGH.
   Buchstaller I, 2006, J SOCIOLING, V10, P362, DOI 10.1111/j.1360-6441.2006.00332.x.
   Buchstaller I, 2009, J SOCIOLING, V13, P291, DOI 10.1111/j.1467-9841.2009.00412.x.
   Buchstaller Isabelle., 2003, EDINBURGH WORKING PA, V12, P1.
   Buchstaller Isabelle, LANGUAGE VA IN PRESS.
   Butters R. R., 1982, AM SPEECH, V57, P149, DOI DOI 10.2307/454452.
   BUTTERS RR, 1980, AM SPEECH, V55, P304, DOI 10.2307/454573.
   Cheshire Jenny, 2007, ICLCE2 U TOUL 2 MIR.
   CLARK HH, 1990, LANGUAGE, V66, P764, DOI 10.2307/414729.
   Clift R, 2006, J SOCIOLING, V10, P569, DOI 10.1111/j.1467-9841.2006.00296.x.
   COULMAS F, 1986, DIRECT INDIRECT SPEE.
   Coulmas Florian, 1986, DIRECT INDIRECT SPEE, P161.
   D'Arcy A, 2010, J SOCIOLING, V14, P60, DOI 10.1111/j.1467-9841.2009.00437.x.
   D'Arcy Alexandra, 2009, UKLVC7 NEWC U SEPT.
   FERRARA K, 1995, AM SPEECH, V70, P265, DOI 10.2307/455900.
   Fleischman S., 2004, DISCOURSE LANGUAGES, P129, DOI DOI 10.1075/SLCS.68.08FLE.
   Foster J., 2006, UNDERSTANDING USING.
   Gordon E, 2007, CREATING AND DIGITIZING LANGUAGE CORPORA VOLUME 2: DIACHRONIC DATABASES, P82.
   Hassler Gerda, 2002, REPORTED DISCOURSE M, P143, DOI DOI 10.1075/TSL.52.11HAS.
   Holmes Janet, 1984, TE REO, V27, P47.
   Isabelle Buchstaller, 2006, J SOCIOLING, V10, P3, DOI {[}10.1111/j.1360-6441.2006.00315.x, DOI 10.1111/J.1360-6441.2006.00315.X].
   Janssen Theo, 1996, REPORTED SPEECH FORM, V43.
   Johnstone B, 1994, REPETITION DISCOURSE, V1-2.
   Jones GM, 2009, LANG COMMUN, V29, P77, DOI 10.1016/j.langcom.2007.09.003.
   Kendall T, 2008, LANG LINGUIST COMPAS, V2, P332, DOI 10.1111/j.1749-818x.2008.00051.x.
   Klewitz G., 1999, INTERACTION LINGUIST, V12, P1.
   Labov W, 1997, J NARRAT LIFE HIST, V7, P395, DOI 10.1075/jnlh.7.1-4.49som.
   LABOV W, 1996, CHICAGO LINGUISTICS, V32, P77.
   LABOV W, 1978, DOES LINGUISTIC VARI.
   Labov William, 1967, ESSAYS VERBAL VISUAL, P12.
   Labov William., 1972, SOCIOLINGUISTIC PATT.
   Macauley Ronald, 2001, J SOCIOLING, V5, P3, DOI DOI 10.1111/1467-9481.00135.
   Malkiel Y., 1982, PERSPECT HIST LINGUI, P17.
   McEnery T., 2001, CORPUS LINGUISTICS.
   Meyerhoff Miriam, 2009, LANG VAR CHANGE, V21, P1.
   Milroy Lesley, 1997, 234892 ESRC ROO.
   Myers G., 1999, TEXT, V19, P571, DOI DOI 10.1515/TEXT.1.1999.19.4.571.
   Paolillo J. C., 2002, ANAL LINGUISTIC VARI.
   Pascual E., 2002, IMAGINARY TRIALOGUES.
   Pascual E, 2006, COGN LINGUIST, V17, P245, DOI 10.1515/COG.2006.006.
   Rickford John, 1999, AFRICAN AM VERNACULA, P34.
   ROMAINE S, 1991, AM SPEECH, V66, P227, DOI 10.2307/455799.
   Schiffrin D, 1987, DISCOURSE MARKERS.
   Schneider Stefan, 2002, 1 S INT COGN SOC PRA.
   Singler John Victor, 2001, U PENNSYLVANIA WORKI, V7, P257.
   Spronck Stefan, QUOTATIVES IN PRESS.
   Tagliamonte S, 2004, J SOCIOLING, V8, P493, DOI 10.1111/j.1467-9841.2004.00271.x.
   Tagliamonte Sali, 1999, J SOCIOLING, V3, P47.
   Tagliamonte SA, 2007, LANG VAR CHANGE, V19, P199, DOI 10.1017/S095439450707007X.
   Tannen D., 1986, DIRECT INDIRECT SPEE, P311, DOI DOI 10.1515/9783110871968.311.
   VINCENT D, 1996, SOCIOLINGUISTIC VARI, P361.
   Winter J., 2002, AUST J LINGUIST, V22, P5, DOI DOI 10.1080/07268600120122535.
   Young R., 1996, 2 LANGUAGE ACQUISITI, P253.}},
Number-of-Cited-References = {{63}},
Times-Cited = {{30}},
Usage-Count-Last-180-days = {{0}},
Usage-Count-Since-2013 = {{5}},
Journal-ISO = {{Corpus Linguist. Linguist. Theo.}},
Doc-Delivery-Number = {{776MK}},
Unique-ID = {{ISI:000291539000004}},
DA = {{2021-05-28}},
}

@article{ ISI:000283798000002,
Author = {Barnfield, Kate and Buchstaller, Isabelle},
Title = {{Intensifiers on Tyneside Longitudinal developments and new trends}},
Journal = {{ENGLISH WORLD-WIDE}},
Year = {{2010}},
Volume = {{31}},
Number = {{3}},
Pages = {{252-287}},
Abstract = {{We report on longitudinal changes in the system of intensification in an
   innovative corpus that spans five decades of dialectal speech from
   North-East England. Our analyses allow us - for the first time in a
   British context - to trace the quantitative development in the variable
   across four generations. Longitudinal analysis across real and apparent
   time determines the effect of extralinguistic and intralinguistic
   variables on intensification in Tyneside and tests to what extent real
   time data corroborates trends reported from previous apparent time
   analyses. Long-term competition within the variable manifests itself in
   distinctive developmental trajectories: expansion - both proportionally
   within the variable as well as across adjectival categories - tends to
   follow one of three types of patterns, exemplified, respectively, by
   really, so and dead. Variant retraction, however, follows only one
   schema. Importantly, numerical decline in the system does not
   necessarily go hand in hand with a reduction in breadth of application.}},
Publisher = {{JOHN BENJAMINS PUBLISHING CO}},
Address = {{PO BOX 36224, 1020 ME AMSTERDAM, NETHERLANDS}},
Type = {{Article}},
Language = {{English}},
Affiliation = {{Buchstaller, I (Corresponding Author), Newcastle Univ, Sch English Literature Language \& Linguist, Newcastle Upon Tyne NE1 7RU, Tyne \& Wear, England.
   Buchstaller, Isabelle, Newcastle Univ, Sch English Literature Language \& Linguist, Newcastle Upon Tyne NE1 7RU, Tyne \& Wear, England.}},
DOI = {{10.1075/eww.31.3.02bar}},
ISSN = {{0172-8865}},
EISSN = {{1569-9730}},
Keywords = {{intensification; longitudinal; diachronic; Tyneside; recycling}},
Keywords-Plus = {{ADOLESCENCE; COOL; SOCIOLOGY; LANGUAGE; WEIRD}},
Research-Areas = {{Linguistics}},
Web-of-Science-Categories  = {{Linguistics; Language \& Linguistics}},
Author-Email = {{i.buchstaller@ncl.ac.uk}},
Cited-References = {{Allen W, 2007, CREATING AND DIGITIZING LANGUAGE CORPORA VOLUME 2: DIACHRONIC DATABASES, P16.
   Allerton DJ, 1987, LANGUAGE TOPICS ESSA, VII, P15.
   ALTENBERG B, 1991, AMPLIFIER COLLOCATIO, P127.
   ANDERSON W, 2006, ENGLISH TODAY, V3, P10.
   Backlund Ulf, 1973, COLLOCATION ADVERBS.
   Bailey Guy, 1993, LANG VAR CHANGE, V5, P359, DOI DOI 10.1017/S095439450000154X.
   Bailey Guy, 1991, LANG VAR CHANGE, V3.3, P241, DOI {[}10.1017/S0954394500000569, DOI 10.1017/S0954394500000569].
   BARNFIELD K, 2008, THESIS U NEWCATLE.
   Bauer Laurie., 2002, J ENGL LINGUIST, V30, P244, DOI DOI 10.1177/0075424202030003002.
   BEAL J, 2003, 2 INT C LANG VAR EUR.
   BEAL J, 2004, CELT ENGL 4 U POTSD.
   BEAL J, 1993, GRAMMAR ENGLISH DIAL, P187.
   Biber D., 1999, LONGMAN GRAMMAR SPOK.
   Blake R., 1997, LANG VAR CHANGE, V9, P57, DOI DOI 10.1017/S0954394500001794.
   Bolinger Dwight., 1972, DEGREE WORDS.
   BORST E, 2002, GRADADVERBIEN ENGLIS.
   Brinton L.J., 2006, ENGLISH LANGUAGE LIN.
   Bucholtz M, 1996, GENDER BELIEF SYSTEM, P119.
   Buchstaller I, 2006, J SOCIOLING, V10, P3, DOI 10.1111/j.1360-6441.2006.00315.x.
   BUCHSTALLER I, 2005, NWAV 34 NEW YORK U.
   Buchstaller I, 2006, ENGL LANG LINGUIST, V10, P345, DOI 10.1017/S136067430600195X.
   Buchstaller I, 2009, LANG LINGUIST COMPAS, V3, DOI 10.1111/j.1749-818x.2009.00142.x.
   Buchstaller I, 2009, J SOCIOLING, V13, P291, DOI 10.1111/j.1467-9841.2009.00412.x.
   Buchstaller Isabelle, LANGUAGE VARIATION C.
   Cameron R, 2005, LANG SOC, V34, P23, DOI 10.1017/S0047404505050025.
   Chambers J.K., 2003, SOCIOLINGUISTIC THEO, V2nd ed..
   Chambers Jack K., 1998, DIALECTOLOGY.
   CHATTERJEE P, 2002, J SOCIOLOGY SOCIAL W, V28, P121.
   CHESHIRE J, 1987, LINGUISTICS, V25, P257, DOI 10.1515/ling.1987.25.2.257.
   Coleman J., 1974, YOUTH TRANSITION ADU.
   DARCY A, 2009, UKLVC7 NEWC U.
   Diewald Gabriele., 2002, NEW REFLECTIONS GRAM, P143, DOI DOI 10.1075/TSL.49.11LOR.
   DINES ER, 1980, LANG SOC, V9, P13, DOI 10.1017/S0047404500007764.
   Dixon R. M. W., 1977, STUD LANG, V1, P1, DOI DOI 10.1075/SL.1.1.04DIX.
   DORNBUSCH SM, 1989, ANNU REV SOCIOL, V15, P233, DOI 10.1146/annurev.so.15.080189.001313.
   Dubois S, 1998, LANG VAR CHANGE, V10, P246.
   Eckert P, 2003, J LANG SOC PSYCHOL, V22, P112, DOI 10.1177/0261927X02250063.
   Eckert P., 1997, HDB SOCIOLINGUISTICS, P151, DOI DOI 10.1002/9781405166256.CH9.
   Eckert Penelope, 2000, LINGUISTIC VARIATION.
   ELLIS A, 1989, EARLY ENGLISH TEXT S, V56.
   Erman Britt, 1992, LANG VAR CHANGE, V4, P217, DOI {[}10.1017/S0954394500000764, DOI 10.1017/S0954394500000764].
   Fries C. C., 1940, AM ENGLISH GRAMMAR G.
   Furstenberg FF, 2000, J MARRIAGE FAM, V62, P896, DOI 10.1111/j.1741-3737.2000.00896.x.
   Gordon E, 2007, CREATING AND DIGITIZING LANGUAGE CORPORA VOLUME 2: DIACHRONIC DATABASES, P82.
   Himmelmann Nikolaus P., 2004, WHAT MAKES GRAMMATIC, P19, DOI DOI 10.1515/9783110197440.
   Hoenigswald H. M., 1960, LANGUAGE CHANGE LING.
   Holmes Janet, 2003, HDB LANGUAGE GENDER.
   Huddleston R., 2002, CAMBRIDGE GRAMMAR EN.
   Ito R, 2003, LANG SOC, V32, P257, DOI 10.1017/S0047404503322055.
   Janda Richard D., 2001, LANG SCI, V23, P265, DOI {[}10.1016/S0388-40001(00)00023-1, DOI 10.1016/S0388-40001(00)00023-1].
   Kastovsky Dieter., 1994, STUDIES EARLY MODERN, P269, DOI DOI 10.1515/9783110879599.269.
   Kennedy C, 2005, LANGUAGE, V81, P345, DOI 10.1353/lan.2005.0071.
   Krug M., 2000, EMERGING ENGLISH MOD.
   Kuha Mai, 2005, TEXAS LINGUISTICS FO, V48, P217.
   Kulas H, 1996, ADOLESCENCE, V31, P721.
   LABOV W, 1963, WORD, V19, P273, DOI 10.1080/00437956.1963.11659799.
   LABOV W, 2001, LANGUAGE, V55, P603.
   Labov William, 1966, SOCIAL STRATIFICATIO.
   Labov William, 1990, LANG VAR CHANGE, V2, P205, DOI {[}10. 1017/S09543945 00000338, DOI 10.1017/S0954394500000338, 10.1017/S0954394500000338].
   Labov William., 1972, SOCIOLINGUISTIC PATT.
   Lorenz, 1999, ADJECTIVE INTENSIFIC.
   Macaulay Ronald., 2006, LANG VAR CHANGE, V18, P267, DOI DOI 10.1017/S0954394506060133.
   Macaulay Ronald., 2002, J SOCIOLING, V6, P398, DOI DOI 10.1111/1467-9481.00194.
   Macaulay Ronald K. S., 1991, LOCATING DIALECT DIS.
   Macauley Ronald, 2001, J SOCIOLING, V5, P3, DOI DOI 10.1111/1467-9481.00135.
   Macauley Ronald K.S., 1995, ENGL WORLD-WIDE, V16, P37, DOI DOI 10.1075/EWW.16.1.03MAC.
   Mair Christian, 2004, CORPUS APPROACHES GR, P121, DOI DOI 10.1075/SCL.13.07MAI.
   Malkiel Y., 1982, PERSPECT HIST LINGUI, P17.
   MEILLET A, 1958, LINGUISTIQUE HIST LI, P159.
   Mendez-Naya B, 2003, ENGL STUD, V84, P372, DOI 10.1076/enst.84.4.372.17388.
   Mendez-Naya B, 2008, ENGL LANG LINGUIST, V12, P213, DOI 10.1017/S1360674308002591.
   MEYERHOFF M, 1994, LANG SOC, V23, P367, DOI 10.1017/S0047404500018029.
   MILROY L, 1997, PHONOLOGICAL VARIATI.
   Milroy Lelsey., 2003, SOCIOLINGUISTICS MET.
   Mustanoja Tauno F., 1960, MIDDLE ENGLISH SYN 1.
   {*}NAT AUD OFF, 2000, HC SESS 2007 2008 25.
   Nevalainen T, 2008, ENGL LANG LINGUIST, V12, P289, DOI 10.1017/S1360674308002633.
   Nevalainen Terttu., 1997, GRAMMATICALIZATION W, P145, DOI DOI 10.1515/9783110810745.145.
   Opdahl Lise, 2000, LY ZERO SUFFIX STUDY, V1.
   Paradis C., 2000, CORPORA GALORE ANAL, P147.
   Paradis C., 2003, MODALITY CONT ENGLIS, P197.
   Paradis C, 2008, ENGL LANG LINGUIST, V12, P317, DOI 10.1017/S1360674308002645.
   Paradis Carita., 1997, DEGREE MODIFIERS ADJ.
   Partington Alan., 1993, TEXT TECHNOLOGY HONO, P177, DOI DOI 10.1075/Z.64.12PAR.
   Quirk R., 1985, COMPREHENSIVE GRAMMA.
   Rickford JR, 2007, AM SPEECH, V82, P3, DOI 10.1215/00031283-2007-001.
   Robertson S., 1954, DEV MODERN ENGLISH.
   Sankoff G., 2004, SOCIOLINGUISTIC VARI, P121.
   Singler John Victor, 2001, U PENNSYLVANIA WORKI, V7, P257.
   Stenstr\_om A.-B., 1999, OUT CORPORA STUDIES, P69.
   STENSTROM AB, 2002, TRENDS TEENAGE TTALK.
   STOFFEL C, 2001, INTENSIVES DOW TONER.
   SUZUKI H, 1999, LICENSING SOME KINDS, P735.
   Tagliamonte S, 2005, AM SPEECH, V80, P280, DOI 10.1215/00031283-80-3-280.
   Tagliamonte SA, 2008, ENGL LANG LINGUIST, V12, P361, DOI 10.1017/S1360674308002669.
   Tagliamonte SA, 2009, LANGUAGE, V85, P58, DOI 10.1353/lan.0.0084.
   Tagliamonte Sali A., 1999, J SOCIOLING, V3, P147, DOI DOI 10.1111/1467-9481.00070.
   Thorne B., 1993, GENDER PLAY.
   TULLOCH J, 2002, SEASON TICKET.
   Waksler R, 2001, AM SPEECH, V76, P128, DOI 10.1215/00031283-76-2-128.
   WILLIAM S.WANG, 1970, CHICAGO LINGUISTIC S, V6, P552.}},
Number-of-Cited-References = {{101}},
Times-Cited = {{25}},
Usage-Count-Last-180-days = {{0}},
Usage-Count-Since-2013 = {{7}},
Journal-ISO = {{Engl. World-Wide}},
Doc-Delivery-Number = {{675BG}},
Unique-ID = {{ISI:000283798000002}},
DA = {{2021-05-28}},
}

@article{ ISI:000256592800003,
Author = {Moisl, Hermann and Maguire, Warren},
Title = {{Identifying the main determinants of phonetic variation in the Newcastle
   Electronic Corpus of Tyneside English}},
Journal = {{JOURNAL OF QUANTITATIVE LINGUISTICS}},
Year = {{2008}},
Volume = {{15}},
Number = {{1}},
Pages = {{46-69}},
Month = {{FEB}},
Abstract = {{The Newcastle Electronic Corpus of Tyneside English is a corpus of
   dialect speech from North-East England. It includes phonetic
   transcriptions of 63 interviews together with social data relating to
   each interviewee, and offers an opportunity to study the sociophonetics
   of Tyneside speech of the late 1960s. In a previous paper we began that
   study with an exploratory multivariate analysis of the transcriptions.
   The results were that speakers fell into clearly defined groups on the
   basis of their phonetic usage, and that these groups correlated well
   with social characteristics associated with the speakers. The present
   paper develops these results by trying to identify the main phonetic
   determinants of the speaker groups.}},
Publisher = {{ROUTLEDGE JOURNALS, TAYLOR \& FRANCIS LTD}},
Address = {{4 PARK SQUARE, MILTON PARK, ABINGDON OX14 4RN, OXFORDSHIRE, ENGLAND}},
Type = {{Article}},
Language = {{English}},
Affiliation = {{Moisl, H (Corresponding Author), Univ Newcastle Upon Tyne, Sch English Literature Language \& Linguist, Percy Bldg, Newcastle Upon Tyne NE1 7RU, Tyne \& Wear, England.
   Moisl, Hermann, Univ Newcastle Upon Tyne, Sch English Literature Language \& Linguist, Newcastle Upon Tyne NE1 7RU, Tyne \& Wear, England.
   Maguire, Warren, Univ Edinburgh, Sch Philosophy Psychol \& Language Sci, Edinburgh EH8 9AG, Midlothian, Scotland.}},
DOI = {{10.1080/09296170701794302}},
ISSN = {{0929-6174}},
Research-Areas = {{Linguistics}},
Web-of-Science-Categories  = {{Linguistics; Language \& Linguistics}},
Author-Email = {{hermann.moisl@nci.ac.uk
   w.maguire@ed.ac.uk}},
Cited-References = {{CORRIGAN K, 2005, NEWCASTLE ELECT CORP.
   Docherty Gerry, 1999, P 14 INT C PHON SCI, P1037.
   Docherty GJ, 1997, J LINGUIST, V33, P275, DOI 10.1017/S002222679700649X.
   Everitt B.S., 2001, CLUSTER ANAL, V4th ed.
   JONES V, 2005, LIT LINGUISTIC COMPU, V20, P1.
   Jones-Sargent V., 1983, TYNE BYTES COMPUTERI.
   McNeany V., 1972, LINGUA, V30, P1.
   MCNEANY V, 1971, VOWELREDUCTION LOCAL.
   Milroy J., 1995, NEWCASTLE DURHAM WOR, V3, P187.
   Milroy James, 1994, ENGL WORLD-WIDE, V15, P1, DOI DOI 10.1075/EWW.15.1.02MIL.
   MILROY L, 1997, VARIATION LINGUISTIC, P35.
   MOISL H, 2006, CORPUS LINGUISTICS I.
   Orton Harold, 1962, SURVEY ENGLISH DIA B, V1.
   Pellowe John, 1978, SOCIOLINGUISTIC PATT, P101.
   Stork, 2001, PATTERN CLASSIFICATI.
   Strang B., 1968, Z MUNDARTFORSCHUNG, V4, P788.
   Verleysen M, 2003, NATO SC S SS III C S, V186, P141.
   Watt D., 1999, URBAN VOICES ACCENT, P25.
   Watt Dominic, 2003, J INT PHON ASSOC, V33, P267, DOI DOI 10.1017/S0025100303001397.
   Wells J. C., 1982, ACCENTS ENGLISH.}},
Number-of-Cited-References = {{20}},
Times-Cited = {{7}},
Usage-Count-Last-180-days = {{0}},
Usage-Count-Since-2013 = {{6}},
Journal-ISO = {{J. Quant. Linguist.}},
Doc-Delivery-Number = {{311IB}},
Unique-ID = {{ISI:000256592800003}},
DA = {{2021-05-28}},
}

@article{ ISI:000240033800008,
Author = {Jefferies, Elizabeth and Crisp, Jenni and Ralph, Matthew A. Lambon},
Title = {{The impact of phonological or semantic impairment on delayed auditory
   repetition: Evidence from stroke aphasia and semantic dementia}},
Journal = {{APHASIOLOGY}},
Year = {{2006}},
Volume = {{20}},
Number = {{9-11}},
Pages = {{963-992}},
Month = {{SEP-NOV}},
Abstract = {{Background/Aims: This study aimed to evaluate the interactive account of
   repetition by examining the influence of factors that differentially
   tapped semantic and phonological processing in a case series of patients
   with semantic or phonological impairment.
   Methods \& Procedures: We compared two patient groups: predominantly
   phonologically impaired cases with aphasia following cerebrovascular
   accident, and patients with semantic dementia. Immediate repetition was
   contrasted with repetition after a 5-second filled delay, and
   lexicality, frequency, and imageability were manipulated - therefore
   both the task and the neuropsychological impairment biased processing in
   favour of either lexical-semantic or phonological capacities.
   Outcomes \& Results: Substantial interactivity was observed between
   phonological/ semantic impairment and variables largely tapping these
   processes. The phonologically impaired patients showed substantial
   effects of lexicality and imageability that were larger in delayed than
   immediate repetition. The semantically impaired patients exhibited the
   complementary pattern, showing reduced effects of these lexical-semantic
   variables and a delay effect that was larger for more poorly
   comprehended, low-frequency items. Semantic errors were related to
   phonological deficits whereas semantic impairment led to an increase in
   phonological errors. The phonologically impaired stroke cases also made
   more perseverative responses.
   Conclusions: These findings support the view that repetition is
   underpinned by interaction between semantics and phonology within a
   single route and not by distinct lexical and sub-lexical pathways. The
   results also provide evidence of a continuum between phonological and
   deep dysphasia.}},
Publisher = {{PSYCHOLOGY PRESS}},
Address = {{27 CHURCH RD, HOVE BN3 2FA, EAST SUSSEX, ENGLAND}},
Type = {{Article}},
Language = {{English}},
Affiliation = {{Jefferies, E (Corresponding Author), Univ Manchester, Sch Psychol Sci, Neurosci \& Aphasia Res Unit, Oxford Rd, Manchester M13 9PL, Lancs, England.
   Univ Manchester, Sch Psychol Sci, Neurosci \& Aphasia Res Unit, Manchester M13 9PL, Lancs, England.
   N Tyneside Primary Care Trust, Newcastle Upon Tyne, Tyne \& Wear, England.
   Univ Newcastle, Newcastle Upon Tyne, Tyne \& Wear, England.}},
DOI = {{10.1080/02687030600739398}},
ISSN = {{0268-7038}},
Keywords-Plus = {{SHORT-TERM-MEMORY; NONFLUENT PROGRESSIVE APHASIA; TEMPORAL-LOBE ATROPHY;
   DUAL-ROUTE MODELS; DEEP DYSPHASIA; SPEECH PRODUCTION; LEXICAL ACCESS;
   WORD COMPREHENSION; FLUENT APHASIA; SERIAL-RECALL}},
Research-Areas = {{Audiology \& Speech-Language Pathology; Linguistics; Neurosciences \&
   Neurology; Rehabilitation}},
Web-of-Science-Categories  = {{Audiology \& Speech-Language Pathology; Linguistics; Clinical Neurology;
   Rehabilitation}},
Author-Email = {{beth.jefferies@manchester.ac.uk}},
ResearcherID-Numbers = {{Ralph, Matthew A Lambon/A-1695-2009
   Jefferies, Elizabeth/A-7981-2011
   }},
ORCID-Numbers = {{Ralph, Matthew A Lambon/0000-0001-5907-2488
   Jefferies, Elizabeth/0000-0002-3826-4330}},
Cited-References = {{Baayen R. H., 1993, CELEX LEXICAL DATABA.
   Bozeat S, 2000, NEUROPSYCHOLOGIA, V38, P1207, DOI 10.1016/S0028-3932(00)00034-8.
   Caza N, 2002, NEUROCASE, V8, P255, DOI 10.1093/neucas/8.4.255.
   Crisp J, 2006, J COGNITIVE NEUROSCI, V18, P348, DOI 10.1162/jocn.2006.18.3.348.
   Croot K, 1998, BRAIN LANG, V61, P226, DOI 10.1006/brln.1997.1852.
   DELL GS, 1992, COGNITION, V42, P287, DOI 10.1016/0010-0277(92)90046-K.
   Dell GS, 1997, PSYCHOL REV, V104, P801, DOI 10.1037/0033-295X.104.4.801.
   Forde EME, 2002, NEUROCASE, V8, P13, DOI 10.1076/neur.8.1.13.16242.
   Foygel D, 2000, J MEM LANG, V43, P182, DOI 10.1006/jmla.2000.2716.
   FRANKLIN S, 1992, ADA COMPREHENSION BA.
   Friedman RB, 1996, BRAIN LANG, V52, P114, DOI 10.1006/brln.1996.0006.
   FUNNELL E, 1995, MEMORY, V3, P497, DOI 10.1080/09658219508253162.
   Galton CJ, 2001, NEUROLOGY, V57, P216, DOI 10.1212/WNL.57.2.216.
   Gotts SJ, 2002, NEUROPSYCHOLOGIA, V40, P1930, DOI 10.1016/S0028-3932(02)00067-2.
   Hanley JR, 2004, COGN NEUROPSYCHOL, V21, P147, DOI 10.1080/02643290342000339.
   Hanley JR, 1997, COGNITIVE NEUROPSYCH, V14, P1065.
   Hanley JR, 2002, COGN NEUROPSYCHOL, V19, P193, DOI 10.1080/02643290143000132.
   HILLIS AE, 1991, BRAIN LANG, V40, P106, DOI 10.1016/0093-934X(91)90119-L.
   HODGES JR, 1992, BRAIN, V115, P1783, DOI 10.1093/brain/115.6.1783.
   HOWARD D, 1988, MISSING MEANING.
   Howard D., 1992, PYRAMIDS PALM TREES.
   Jefferies E, 2006, NEUROCASE, V12, P1, DOI 10.1080/13554790500428445.
   Jefferies E, 2006, J MEM LANG, V54, P81, DOI 10.1016/j.jml.2005.08.001.
   Jefferies E, 2005, COGN NEUROPSYCHOL, V22, P183, DOI 10.1080/02643290442000068.
   Jefferies E, 2004, NEUROPSYCHOLOGIA, V42, P639, DOI 10.1016/j.neuropsychologia.2003.10.002.
   Jefferies E, 2004, COGN AFFECT BEHAV NE, V4, P20, DOI 10.3758/CABN.4.1.20.
   JONES GV, 1985, BRAIN LANG, V24, P1, DOI 10.1016/0093-934X(85)90094-X.
   KATZ RB, 1990, BRAIN LANG, V39, P153, DOI 10.1016/0093-934X(90)90009-6.
   Kay J., 1992, PSYCHOLINGUISTICS AS.
   Knott R, 1997, COGNITIVE NEUROPSYCH, V14, P1165, DOI 10.1080/026432997381303.
   Knott R, 2000, NEUROPSYCHOLOGIA, V38, P125, DOI 10.1016/S0028-3932(99)00069-X.
   Kucera H., 1967, COMPUTATIONAL ANAL P.
   Majerus S, 2001, COGN NEUROPSYCHOL, V18, P385, DOI 10.1080/02643290126060.
   MARTIN N, 1994, BRAIN LANG, V47, P609, DOI 10.1006/brln.1994.1061.
   MARTIN N, 1992, BRAIN LANG, V43, P240, DOI 10.1016/0093-934X(92)90130-7.
   Martin N, 1997, COGNITIVE NEUROPSYCH, V14, P641.
   Martin N, 1996, BRAIN LANG, V52, P83, DOI 10.1006/brln.1996.0005.
   Martin R. C., 1996, MODELS SHORT TERM ME, P149.
   Martin RC, 1999, J MEM LANG, V41, P3, DOI 10.1006/jmla.1999.2637.
   MCCARTHY R, 1984, BRAIN, V107, P463, DOI 10.1093/brain/107.2.463.
   MCCARTHY RA, 1987, BRAIN, V110, P1545, DOI 10.1093/brain/110.6.1545.
   MICHEL F, 1983, BRAIN LANG, V18, P212, DOI 10.1016/0093-934X(83)90016-0.
   Mummery CJ, 2000, ANN NEUROL, V47, P36.
   Neary D., 1989, BEHAV NEUROL, V2, P167, DOI DOI 10.1093/NEUCAS/1.1.39-Y.
   PATTERSON K, 1994, J COGNITIVE NEUROSCI, V6, P57, DOI 10.1162/jocn.1994.6.1.57.
   PATTERSON K, 1992, ANAL APPROACHES HUMA, P259.
   PLAUT DC, 1993, COGNITIVE NEUROPSYCH, V10, P377, DOI 10.1080/02643299308253469.
   PLAUT DC, 1999, EMERGENCE LANGUAGE.
   Ralph MAL, 2002, APHASIOLOGY, V16, P56, DOI 10.1080/02687040143000448.
   Roodenrys S, 2002, J EXP PSYCHOL LEARN, V28, P29, DOI 10.1037//0278-7393.28.1.29.
   SANDSON J, 1987, NEUROLOGY, V37, P1736, DOI 10.1212/WNL.37.11.1736.
   SNOWDEN JS, 1996, FRONTOTEMPEROL LOBAR.
   Tree JJ, 2001, NEUROCASE, V7, P473, DOI 10.1093/neucas/7.6.473.
   TREIMAN R, 1988, J EXP PSYCHOL LEARN, V14, P145, DOI 10.1037/0278-7393.14.1.145.
   VALDOIS S, 1995, COGNITIVE NEUROPSYCH, V12, P681, DOI 10.1080/02643299508251399.
   Warrington EK, 1998, NEUROPSYCHOL REHABIL, V8, P143.
   Warrington EK, 1996, BRAIN, V119, P611, DOI 10.1093/brain/119.2.611.
   Wilshire CE, 2004, COGN NEUROPSYCHOL, V21, P187, DOI 10.1080/02643290342000555.
   Wilshire CE, 1996, COGN NEUROPSYCHOL, V13, P1059, DOI 10.1080/026432996381782.}},
Number-of-Cited-References = {{59}},
Times-Cited = {{29}},
Usage-Count-Last-180-days = {{0}},
Usage-Count-Since-2013 = {{7}},
Journal-ISO = {{Aphasiology}},
Doc-Delivery-Number = {{077MP}},
Unique-ID = {{ISI:000240033800008}},
DA = {{2021-05-28}},
}

@article{ ISI:000227868200013,
Author = {Foulkes, P and Docherty, G and Watt, D},
Title = {{Phonological variation in child-directed speech}},
Journal = {{LANGUAGE}},
Year = {{2005}},
Volume = {{81}},
Number = {{1}},
Pages = {{177-206}},
Month = {{MAR}},
Abstract = {{Segmental features of child-directed speech (CDS) were studied in a
   corpus drawn from thirty-nine mothers living in Tyneside, England. Focus
   was on the phonetic variants used for (t) in word-medial and word-final
   prevocalic contexts since it is known that these variants display clear
   sociolinguistic patterning in the adult community. Variant usage in CDS
   was found to differ markedly from that in interadult speech. Effects
   were also found with respect to the age and gender of the children being
   addressed. Speech to girls generally contained more standard variants
   than speech to boys, which, by contrast, contained higher rates of
   vernacular variants. The differentiation by gender was most apparent for
   the youngest children. The findings are assessed in comparison to other
   studies of CDS. It has previously been claimed that modifications made
   in the CDS register help children to learn linguistic structures and
   also to learn that speech is a social activity. Our findings suggest
   that CDS may play an additional role, providing boys and girls as Young
   as 2;0 with differential opportunities to learn the social-indexical
   values of sociolinguistic vafiables.{*}.}},
Publisher = {{LINGUISTIC SOC AMER}},
Address = {{1325 18TH ST NW, SUITE 211, WASHINGTON, DC 20036-6501 USA}},
Type = {{Article}},
Language = {{English}},
Affiliation = {{Foulkes, P (Corresponding Author), Univ York, Dept Language \& Linguist Sci, York YO10 5DD, N Yorkshire, England.
   Univ York, Dept Language \& Linguist Sci, York YO10 5DD, N Yorkshire, England.
   Newcastle Univ, Sch Educ Commun \& Language Sci, Newcastle Upon Tyne NE1 7RU, Tyne \& Wear, England.
   Univ Aberdeen, Sch Language \& Literature, Aberdeen AB24 3UB, Scotland.}},
DOI = {{10.1353/lan.2005.0018}},
ISSN = {{0097-8507}},
EISSN = {{1535-0665}},
Keywords-Plus = {{DIFFERENTIAL SOCIALIZATION; MOTHERS; PARENTS; FATHERS; TALK}},
Research-Areas = {{Linguistics}},
Web-of-Science-Categories  = {{Linguistics; Language \& Linguistics}},
Author-Email = {{pf11@york.ac.uk
   g.j.docherty@ncl.ac.uk
   d.watt@abdn.ac.uk}},
ORCID-Numbers = {{Docherty, Gerard/0000-0003-3908-9834
   Watt, Dominic/0000-0003-0978-9282}},
Cited-References = {{ALLEN W, 2005, IN PRESS PHONOLOGICA.
   Baran J. A., 1977, J PHONETICS, V5, P339, DOI 10.1016/S0095-4470(19)31204-5.
   BARBARA LD, 2001, EMERGING COGNITIVE A, P135.
   BARD EG, 1994, J CHILD LANG, V21, P623, DOI 10.1017/S030500090000948X.
   BARTON ME, 1994, REST FAMILY ROLE FAT, P109.
   BELLINGER D, 1980, J CHILD LANG, V7, P469, DOI 10.1017/S0305000900002798.
   Berko Gleason Jean, 1983, LANGUAGE GENDER SOC, P140.
   BERNSTEINRATNER N, 1986, J PHONETICS, V14, P303.
   BERNSTEINRATNER N, 1984, J PHONETICS, V12, P245.
   BLOCK JH, 1983, CHILD DEV, V54, P1335, DOI 10.1111/j.1467-8624.1983.tb00052.x.
   BROWN R, 1977, INTRO SNOW FERGUSON, P1.
   Chambers J.K., 2003, SOCIOLINGUISTIC THEO, V2nd ed..
   CRUTTENDEN A, 1994, PHONETIC PROSODIC AS, P135.
   Docherty Gerard J., 2002, EMERGENCE STRUCTURED.
   Docherty Gerard J., 2000, PHONOLOGICAL KNOWLED, P105.
   Docherty GJ, 1997, J LINGUIST, V33, P275, DOI 10.1017/S002222679700649X.
   Docherty GJ, 2005, FIGURE OF SPEECH: A FESTSCHRIFT FOR JOHN LAVER, P173.
   DOCHERTY GJ, 2005, IN PRESS PAPERS LAB.
   Ely R, 1996, RES LANG SOC INTERAC, V29, P7, DOI 10.1207/s15327973rlsi2901\_2.
   ELY R, 1995, DISCOURSE PROCESS, V19, P201, DOI 10.1080/01638539509544914.
   Ferguson, 1977, TALKING CHILDREN LAN.
   Fernald A, 2000, PHONETICA, V57, P242, DOI 10.1159/000028477.
   Foulkes P., 1999, URBAN VOICES ACCENT.
   Foulkes Paul, 2001, U PENNSYLVANIA WORKI, V73, P67.
   Foulkes Paul, 1999, DERBY NEWCASTLE INST, V1999, P47.
   Foulkes Paul, 1999, LEEDS WORKING PAPERS, V7, P1.
   Gallaway C., 1994, INPUT INTERACTION LA.
   GARNICA OK, 1977, SOME PROSODIC PARALI, P63.
   GLEASON JB, 1994, HDB RES LANGUAGE USI, P50.
   GREIF EB, 1980, WOMENS STUDIES INT Q, V3, P253, DOI DOI 10.1016/S0148-0685(80)92281-2.
   GRIMSHAW AD, 1977, SOCIOLOGISTS POINT V, P319.
   Hayashi A., 1999, P 14 INT C PHON SCI, P2177.
   JOHNSON J, 2003, PHONETIC DIFFERENCES.
   KUHL PK, 1994, CURR OPIN NEUROBIOL, V4, P812, DOI 10.1016/0959-4388(94)90128-7.
   Kuhl PK, 1997, SCIENCE, V277, P684, DOI 10.1126/science.277.5326.684.
   LABOV W, 1994, PRINCIPLES LINGUISTI, V1.
   Labov William, 1990, LANG VAR CHANGE, V2, P205, DOI {[}10. 1017/S09543945 00000338, DOI 10.1017/S0954394500000338, 10.1017/S0954394500000338].
   LIEVEN EVM, 1994, CROSS LINGUISTIC CRO, P56.
   Lindblom  B., 1990, EXPLAINING PHONETIC, P403.
   LOCAL J, 1983, J CHILD LANG, V10, P449, DOI 10.1017/S0305000900007881.
   LYTTON H, 1991, PSYCHOL BULL, V109, P267, DOI 10.1037/0033-2909.109.2.267.
   Malsheen B., 1980, CHILD PHONOLOGY, V2, P173.
   MENYUK P, 1963, CHILD DEV, V34, P407, DOI 10.2307/1126736.
   MILROY L, 1997, PHONOIOGICAL VARIAT.
   NEWPORT EL, 1977, MOTHER RATHER MYSELF, P109.
   PARSONS E, 2000, CHILD DIRECTED SPEEC.
   PINE JM, 1994, LANGUAGE PRIMARY CAR, P15.
   RATNER NB, 1984, J CHILD LANG, V11, P557, DOI 10.1017/S030500090000595X.
   Reese E, 1996, RES LANG SOC INTERAC, V29, P27, DOI 10.1207/s15327973rlsi2901\_3.
   ROBERTS J, 2002, HDB LANGUAGE VARIATI, P333.
   Roberts J., 1995, LANG VAR CHANGE, V7, P101, DOI DOI 10.1017/S0954394500000910.
   SHOCKEY L, 1980, PHONETICA, V37, P267, DOI 10.1159/000259996.
   SNOW, 1977, BABY TALK SIMPLIFIED, P209.
   Snow C.E., 1995, HDB CHILD LANGUAGE, P180.
   Snow CE., 1994, INPUT INTERACTION LA, P3, DOI {[}DOI 10.1017/CBO9780511620690.002, 10.1017/CBO9780511620690.002].
   STONEMAN Z, 1981, CHILD DEV, V52, P705, DOI 10.1111/j.1467-8624.1981.tb03099.x.
   STOW C, 1998, ROCHDALE ASSESSMENT.
   Thorne B., 1983, LANGUAGE GENDER SOC.
   Tomasello M., 1987, CHILDRENS LANGUAGE, V6, P23.
   VIHMAN M, 1996, PHONOLOGICAL DEV.
   WATT D, 1999, PATTERNS VARIATION C, P25.
   Watt D., 2000, LANG VAR CHANGE, V12, P69, DOI DOI 10.1017/S0954394500121040.}},
Number-of-Cited-References = {{62}},
Times-Cited = {{87}},
Usage-Count-Last-180-days = {{0}},
Usage-Count-Since-2013 = {{6}},
Journal-ISO = {{Language}},
Doc-Delivery-Number = {{909OC}},
Unique-ID = {{ISI:000227868200013}},
DA = {{2021-05-28}},
}

@article{ ISI:000083001200004,
Author = {Burt, L and Holm, H and Dodd, B},
Title = {{Phonological awareness skills of 4-year-old British children: an
   assessment and developmental data}},
Journal = {{INTERNATIONAL JOURNAL OF LANGUAGE \& COMMUNICATION DISORDERS}},
Year = {{1999}},
Volume = {{34}},
Number = {{3}},
Pages = {{311-335}},
Month = {{JUL-SEP}},
Abstract = {{This study reports developmental data for the phonological awareness and
   processing skills of 57 normally developing Tyneside preschool children,
   aged between 46 and 58 months. The children were assessed on eight
   tasks: consistency of word production, phonological variability
   according to speech production task, non-word imitation, syllable
   segmentation, rhyme awareness, alliteration awareness, phoneme isolation
   and phoneme segmentation. The results indicated that girls and boys
   performed similarly; socio-economic status significantly affected
   performance on six of the tasks; and age was significantly correlated
   with performance on tasks targeting alliteration, non-word imitation,
   phonological variability, and phoneme isolation and segmentation. The
   older children were more phonologically aware than the younger children.}},
Publisher = {{TAYLOR \& FRANCIS LTD}},
Address = {{ONE GUNPOWDER SQUARE, LONDON EC4A 3DE, ENGLAND}},
Type = {{Article}},
Language = {{English}},
Affiliation = {{Dodd, B (Corresponding Author), Univ Newcastle Upon Tyne, Dept Speech, King George VI Bldg,Queen Victoria Rd, Newcastle Upon Tyne NE1 7RU, Tyne \& Wear, England.
   Univ Newcastle Upon Tyne, Dept Speech, Newcastle Upon Tyne NE1 7RU, Tyne \& Wear, England.}},
DOI = {{10.1080/136828299247432}},
ISSN = {{1368-2822}},
Keywords = {{phonological awareness; literacy acquisition; normative data}},
Keywords-Plus = {{NONWORD REPETITION; WRITTEN LANGUAGE; NURSERY RHYMES; SPEECH;
   SEGMENTATION; VOCABULARY; KNOWLEDGE; DEFICITS; MEMORY; READ}},
Research-Areas = {{Audiology \& Speech-Language Pathology; Linguistics; Rehabilitation}},
Web-of-Science-Categories  = {{Audiology \& Speech-Language Pathology; Linguistics; Rehabilitation}},
ResearcherID-Numbers = {{Dodd, Barbara/I-1007-2016}},
ORCID-Numbers = {{Dodd, Barbara/0000-0002-2008-6409}},
Cited-References = {{BERRY K, 1989, DEV TEST VISUAL MOTO.
   Bradford A, 1996, CLIN LINGUIST PHONET, V10, P77.
   BRADLEY L, 1978, NATURE, V271, P746, DOI 10.1038/271746a0.
   BRADLEY L, 1983, NATURE, V301, P419, DOI 10.1038/301419a0.
   Bradley L., 1985, RHYME REASON READING.
   BRYANT PE, 1990, DEV PSYCHOL, V26, P429, DOI 10.1037/0012-1649.26.3.429.
   BRYANT PE, 1989, J CHILD LANG, V16, P407, DOI 10.1017/S0305000900010485.
   CAMPBELL R, 1995, BRIT J DEV PSYCHOL, V13, P61, DOI 10.1111/j.2044-835X.1995.tb00664.x.
   CARAVOLAS M, 1993, J EXP CHILD PSYCHOL, V55, P1, DOI 10.1006/jecp.1993.1001.
   CARLISLE JF, 1991, PHONOLOGICAL PROCESS.
   CATTS H, 1991, LANG SPEECH HEAR SER, V22, P196.
   CATTS H, 1987, J CHILDHOOD COMMUNIC, V11, P67.
   CHANEY C, 1992, APPL PSYCHOLINGUIST, V13, P485, DOI 10.1017/S0142716400005774.
   COLTHEART M, 1982, PHILOS T ROY SOC B, V298, P151, DOI 10.1098/rstb.1982.0078.
   DEGELDER B, 1992, ADV PSYCHOL, V83.
   DODD B, 1989, BRIT J DEV PSYCHOL, V7, P55, DOI 10.1111/j.2044-835X.1989.tb00788.x.
   Dodd B., 1995, DIFFERENTIAL DIAGNOS, P65.
   Dodd B., 1995, DIFFERENTIAL DIAGNOS.
   Dodd B., 1989, READ WRIT, V1, P333, DOI 10.1007/BF00386266.
   FOX B, 1975, J PSYCHOLINGUIST RES, V4, P331, DOI 10.1007/BF01067062.
   GATHERCOLE SE, 1989, J MEM LANG, V28, P200, DOI 10.1016/0749-596X(89)90044-2.
   GATHERCOLE SE, 1995, MEM COGNITION, V23, P83, DOI 10.3758/BF03210559.
   GATHERCOLE SE, 1991, APPL PSYCHOLINGUIST, V12, P375, DOI 10.1017/S0142716400009280.
   Gillon G., 1995, LANG SPEECH HEAR SER, V26, P58.
   Goswami U., 1990, PHONOLIGICAL SKILLS.
   HOIEN T, 1995, READ WRIT, V7, P171, DOI 10.1007/BF01027184.
   Holm A, 1996, COGNITION, V59, P119, DOI 10.1016/0010-0277(95)00691-5.
   JUEL C, 1988, J EDUC PSYCHOL, V80, P437, DOI 10.1037/0022-0663.80.4.437.
   KAY J, 1981, Q J EXP PSYCHOL-A, V33, P397, DOI 10.1080/14640748108400800.
   Leitao S, 1997, EUR J DISORDER COMM, V32, P91.
   Liberman I.Y., 1985, REM SPEC EDUC, V6, P8, DOI {[}10.1177/074193258500600604, DOI 10.1177/074193258500600604].
   LIBERMAN IY, 1974, J EXP CHILD PSYCHOL, V18, P201, DOI 10.1016/0022-0965(74)90101-5.
   LIBERMAN IY, 1992, READING ACQUISITION.
   LINDAMOOD CH, 1979, LINDAMOOD AUDITORY C.
   LUNDBERG I, 1988, READ RES QUART, V23, P263, DOI 10.1598/RRQ.23.3.1.
   MACLEAN M, 1987, MERRILL PALMER QUART, V33, P255.
   MAJSTEREK DJ, 1995, J LEARN DISABIL, V28, P449, DOI 10.1177/002221949502800708.
   MANN VA, 1987, MERRILL PALMER QUART, V33, P365.
   MCBRIDECHANG C, 1995, J EDUC PSYCHOL, V87, P179, DOI 10.1037/0022-0663.87.2.179.
   MCCORMACK P, 1996, P 6 AUSTR INT C SPEE, P217.
   MCCORMICK M, 1995, DIFFERENTIAL DIAGNOS, P111.
   MORAIS J, 1979, COGNITION, V7, P323, DOI 10.1016/0010-0277(79)90020-9.
   MUTER V, 1994, READING DEV DYSLEXIA.
   OERLEMANS M, 1993, EUR J DISORDER COMM, V28, P349.
   RAZITA S, 1990, BRIT J DEV PSYCHOL, V8, P209.
   READ C, 1971, HARVARD EDUC REV, V41, P1.
   Rondal JA, 1997, LANGUAGE MENTAL RETA.
   ROSNER J, 1974, READ TEACH, V27, P379.
   SEIDENBERG MS, 1989, PSYCHOL REV, V96, P523, DOI 10.1037/0033-295X.96.4.523.
   SHORE DL, 1984, J EDUC PSYCHOL, V76, P1309.
   SNOWLING M, 1991, APPL PSYCHOLINGUIST, V12, P369, DOI 10.1017/S0142716400009279.
   STAHL SA, 1994, J EDUC PSYCHOL, V86, P221, DOI 10.1037/0022-0663.86.2.221.
   Stanovich K. E., 1992, READING ACQUISITION.
   TREIMAN R, 1985, J EXP CHILD PSYCHOL, V39, P161, DOI 10.1016/0022-0965(85)90034-7.
   Treiman R., 1991, PHONOLOGICAL PROCESS.
   TREIMAN R, 1981, ADV THEORY PRACTICE, V3.
   TREIMAN R, 1992, READING ACQUISITION.
   TUNMER W, 1992, READING ACQUSITION.
   TUNMER WE, 1985, J EDUC PSYCHOL, V77, P417, DOI 10.1037/0022-0663.77.4.417.
   WINITZ H, 1969, ARTICULATORY ACQUSIT.
   YOPP HK, 1988, READ RES QUART, V23, P159, DOI 10.2307/747800.}},
Number-of-Cited-References = {{61}},
Times-Cited = {{63}},
Usage-Count-Last-180-days = {{1}},
Usage-Count-Since-2013 = {{11}},
Journal-ISO = {{Int. J. Lang. Commun. Disord.}},
Doc-Delivery-Number = {{243ME}},
Unique-ID = {{ISI:000083001200004}},
DA = {{2021-05-28}},
}

@inproceedings{ ISI:A1997BJ45F00008,
Author = {Milroy, L},
Editor = {{Chu, A and Guerra, AMP and Tetreault, C}},
Title = {{The prepausal constraint in Tyneside English: A discourse level
   mechanism of linguistic change}},
Booktitle = {{SALSA IV - PROCEEDINGS OF THE FOURTH ANNUAL SYMPOSIUM ABOUT LANGUAGE AND
   SOCIETY - AUSTIN}},
Series = {{TEXAS LINQUISTIC FORUM (TLF)}},
Year = {{1997}},
Number = {{37}},
Pages = {{88-99}},
Note = {{4th Annual Symposium About Language and Society - Austin (SALSA IV),
   AUSTIN, TX, APR 12-14, 1996}},
Organization = {{Capitol Beverage Co; El Galindo; El Lago; Rio Diablo; Timpone's}},
Abstract = {{This paper arises from a more extensive variationist analysis of
   glottalization phenomena in the English of Tyneside in the North East of
   England. It focuses on the exceptions to the Prepausal Constraint (i.e.
   glottalized realizations of /t/ in prepausal contexts) which appear
   chiefly in the speech of younger working-class women, and are associated
   chiefly with the utterance-final grammatical tags and that, and all
   that, innit ('isn't it'), and wannit ('wasn't it'). It is argued that an
   analysis of conversational structure and conversational management
   procedures can contribute to an illuminating account of the PPC and its
   exceptions. The findings reported here are particularly relevant to an
   understanding of the spread of a linguistic change through the system at
   the level of conversational interaction.}},
Publisher = {{UNIVERSITY TEXAS AUSTIN DEPARTMENT LINGUISTICS}},
Address = {{ AUSTIN, TX 78712}},
Type = {{Proceedings Paper}},
Language = {{English}},
Affiliation = {{UNIV MICHIGAN,ANN ARBOR,MI 48109.}},
Research-Areas = {{Linguistics}},
Web-of-Science-Categories  = {{Language \& Linguistics}},
Number-of-Cited-References = {{0}},
Times-Cited = {{0}},
Usage-Count-Last-180-days = {{0}},
Usage-Count-Since-2013 = {{1}},
Doc-Delivery-Number = {{BJ45F}},
Unique-ID = {{ISI:A1997BJ45F00008}},
DA = {{2021-05-28}},
}

@article{ ISI:A1978GS56200001,
Author = {JONES, VM},
Title = {{TYNESIDE LINGUISTIC SURVEY - APPROACH TO DATA-PROCESSING IN
   SOCIOLINGUISTICS}},
Journal = {{JOURNAL OF LINGUISTIC CALCULUS}},
Year = {{1978}},
Number = {{2}},
Pages = {{5-23}},
Publisher = {{SPRAKFORLAGET SKRIPTOR}},
Address = {{BOX 104 S-104, 65 STOCKHOLM, SWEDEN}},
Type = {{Article}},
Language = {{English}},
Affiliation = {{JONES, VM (Corresponding Author), UNIV NEWCASTLE UPON TYNE,DEPT ENGLISH LANGUAGE,NEWCASTLE TYNE NE1 7RU,TYNE \& WEAR,ENGLAND.}},
Research-Areas = {{Linguistics}},
Web-of-Science-Categories  = {{Linguistics; Language \& Linguistics}},
Number-of-Cited-References = {{0}},
Times-Cited = {{0}},
Usage-Count-Last-180-days = {{0}},
Usage-Count-Since-2013 = {{0}},
Doc-Delivery-Number = {{GS562}},
Unique-ID = {{ISI:A1978GS56200001}},
DA = {{2021-05-28}},
}
