
@article{ ISI:000628689700001,
Author = {Woolford, Kaleigh},
Title = {{Just in Tyneside English}},
Journal = {{WORLD ENGLISHES}},
Abstract = {{The present study evaluates the ongoing development of just as a
   discourse marker in Tyneside English. To capture the diachronic
   development of just in real-time, the study focuses on a sample of 34
   adolescent speakers from the Diachronic Electronic Corpus of Tyneside
   English (Corrigan et al.). The results of an accountable analysis of the
   verb phrase (N = 4,386) show that the depreciatory use of just is
   increasing across real time, while other uses remain stable. Further
   investigation reveals a significant association of depreciatory just
   with narrative discourse contexts. A recent framework of
   context-modulated multifunctionality (Wiltschko et al.) has been used to
   postulate the functional development of just as a rhetorical
   story-telling device. More broadly, this paper contributes to the
   growing body of discourse markers analyzed through the variationist
   lens, offering a systematic and replicable methodology that will enable
   robust comparative analyses of the feature's development across world
   Englishes.}},
Publisher = {{WILEY}},
Address = {{111 RIVER ST, HOBOKEN 07030-5774, NJ USA}},
Type = {{Article; Early Access}},
Language = {{English}},
Affiliation = {{Woolford, K (Corresponding Author), Univ Toronto, Dept Linguist, Fac Arts \& Sci, Sidney Smith 4th Floor,100 St George St, Toronto, ON M5S 3G3, Canada.
   Woolford, Kaleigh, Univ Toronto, Toronto, ON, Canada.}},
DOI = {{10.1111/weng.12542}},
Early Access Date = {{MAR 2021}},
ISSN = {{0883-2919}},
EISSN = {{1467-971X}},
Research-Areas = {{Linguistics}},
Web-of-Science-Categories  = {{Linguistics; Language \& Linguistics}},
Author-Email = {{kaleigh.woolford@mail.utoronto.ca}},
Cited-References = {{Aijmer K., 2002, ENGLISH DISCOURSE PA.
   Aijmer K., 1985, PAPERS LANGUAGE LIT, P1.
   {[}Anonymous], 2013, JUST ADJ OXFORD ENGL, V3rd.
   Barnfield K, 2010, ENGL WORLD-WIDE, V31, P252, DOI 10.1075/eww.31.3.02bar.
   Beal J.C., 1999, LORE LANGUAGE, V17, P33.
   Beal JC, 2005, ASPECTS OF ENGLISH NEGATION, P139.
   Beeching K., 2016, PRAGMATIC MARKERS BR.
   Brinton L.J., 2006, HDB HIST ENGLISH PP, P307.
   Brown L., 2012, U PENNSYLVANIA WORKI, V18.
   Brown P., 1987, POLITENESS SOME UNIV.
   Chambers J.K., 2003, SOCIOLINGUISTIC THEO, V2nd ed..
   Cheshire J, 2007, J SOCIOLING, V11, P155, DOI 10.1111/j.1467-9841.2007.00317.x.
   Coppock E, 2014, J SEMANT, V31, P371, DOI 10.1093/jos/fft007.
   Corrigan K.P., 2012, DIACHRONIC ELECT COR.
   D'Arcy A., 2019, CAMBRIDGE HDB WORLD, P436.
   D'Arcy A., 2005, SYNTAX DEV.
   Denis D., 2016, DISCOURSE PRAGMATIC, P86.
   Diewald G, 2006, STUD PRAGMAT, V1, P403.
   Eckert P., 2017, HDB SOCIOLINGUISTICS, P151, DOI {[}10.1002/9781405166256.ch9, DOI 10.1002/9781405166256.CH9].
   Erman B., 1997, UNGDOMSSPR K NORDEN, P96.
   Gonzalez M., 2004, PRAGMATIC MARKERS OR.
   Grant L, 2013, IEEE T PROF COMMUN, V56, P176, DOI 10.1109/TPC.2013.2250732.
   Grant LE, 2011, J ENGL ACAD PURP, V10, P183, DOI 10.1016/j.jeap.2011.05.006.
   Hopper P.J., 2003, GRAMMATICALISATION, V2nd.
   Ito R, 2003, LANG SOC, V32, P257, DOI 10.1017/S0047404503322055.
   Konig Ekkehard, 1991, MEANING FOCUS PARTIC.
   Labov W, 2013, LANGUAGE OF LIFE AND DEATH: THE TRANSFORMATION OF EXPERIENCE IN ORAL NARRATIVE, P1, DOI 10.1017/CBO9781139519632.
   Labov W., 1982, ANAL DISCOURSE TEXT, P219.
   Labov W, 2001, PRINCIPLES LINGUISTI, V2.
   Labov W., 1972, SOCIOLINGUISTIC PATT.
   Labov William, 1967, ESSAYS VERBAL VISUAL, P12.
   Labov William., 1994, PRINCIPLES LINGUISTI.
   Labov William, 1972, LANGUAGE INNER CITY, P354.
   LEE D, 1987, J PRAGMATICS, V11, P377, DOI 10.1016/0378-2166(87)90138-X.
   Lindemann S, 2001, ENGL SPECIF PURP, V20, P459, DOI 10.1016/S0889-4906(01)00026-6.
   Nevalainen T., 1991, ONLY JUST FOCUSING A.
   Paul Kerswill, 1996, LANG VAR CHANGE, V8, P177, DOI {[}DOI 10.1017/S0954394500001137, 10.1017/S0954394500001137S0954394500001137, 10.1017/S0954394500001137].
   Pichler H., 2016, DISCOURSE PRAGMETIC, P1.
   Pichler H., 2013, STRUCTURE DISCOURSE.
   Pichler H, 2011, ENGL LANG LINGUIST, V15, P441, DOI 10.1017/S1360674311000128.
   Pichler H, 2010, J SOCIOLING, V14, P581, DOI 10.1111/j.1467-9841.2010.00455.x.
   Quirk R., 1985, COMPREHENSIVE GRAMMA.
   R Development Core Team, 2014, R LANG ENV STAT COMP.
   Tagliamonte S, 2005, J PRAGMATICS, V37, P1896, DOI 10.1016/j.pragma.2005.02.017.
   Tagliamonte S, 2004, J SOCIOLING, V8, P493, DOI 10.1111/j.1467-9841.2004.00271.x.
   Tagliamonte S.A., 2016, TEEN TALK LANGUAGE A.
   Tagliamonte SA, 2006, KEY T SOCIOLINGUIST, P1, DOI 10.2277/ 0521778182.
   Tottie G., 1986, ENGLISH SPEECH WRITI, P93.
   Traugott E.C., 2010, CONTINUUM COMPANION, P269.
   Traugott E.C., 1990, PAPERS 5 INT C ENGLI, P497.
   Wagner SE, 2012, LANG LINGUIST COMPAS, V6, P371, DOI 10.1002/lnc3.343.
   Waters C., 2016, DISCOURSE PRAGMATIC, P41.
   Wiltschko M, 2018, LANG SOC, V47, P569, DOI 10.1017/S004740451800057X.
   Woolford K., 2021, WORLD ENGLISH, P1.}},
Number-of-Cited-References = {{54}},
Times-Cited = {{0}},
Usage-Count-Last-180-days = {{0}},
Usage-Count-Since-2013 = {{0}},
Journal-ISO = {{World Englishes}},
Doc-Delivery-Number = {{QW5KY}},
Unique-ID = {{ISI:000628689700001}},
DA = {{2021-05-18}},
}

@article{ ISI:000525578500002,
Author = {Childs, Claire and Harvey, Chris and Corrigan, Karen P. and Tagliamonte,
   Sali},
Title = {{Transatlantic perspectives on variation in negative expressions}},
Journal = {{ENGLISH LANGUAGE \& LINGUISTICS}},
Year = {{2020}},
Volume = {{24}},
Number = {{1}},
Pages = {{23-47}},
Month = {{MAR}},
Abstract = {{Negation with indefinite items in English can be expressed in three
   ways: any-negation (I didn't have any money), no-negation (I had no
   money) and negative concord (I didn't have no money). These variants
   have persisted over time, with some studies suggesting that the newest
   variant, any-negation, is increasing at the expense of no-negation
   (Tottie 1991a, 1991b). Others suggest that although this variable was
   undergoing change in earlier centuries, it is stable in Modern English
   (Wallage 2017). This article examines the current state of the
   variability in four communities within two distinctive English-speaking
   regions: Toronto and Belleville in Ontario, Canada, and Tyneside and
   York in Northern England. Our comparative quantitative analysis of
   speech corpora from these communities shows that the rates of
   no-negation vary between Northern England and Ontario, but the variation
   is largely stable and primarily conditioned by verb type in a robust
   effect that holds cross-dialectally: functional verbs retain
   no-negation, while lexical verbs favour any. The social embedding of the
   variability varies between the communities, but they share a common
   variable grammar.}},
Publisher = {{CAMBRIDGE UNIV PRESS}},
Address = {{EDINBURGH BLDG, SHAFTESBURY RD, CB2 8RU CAMBRIDGE, ENGLAND}},
Type = {{Article}},
Language = {{English}},
Affiliation = {{Childs, C (Corresponding Author), Univ York, Dept Language \& Linguist Sci, York YO10 5DD, N Yorkshire, England.
   Childs, Claire, Univ York, Dept Language \& Linguist Sci, York YO10 5DD, N Yorkshire, England.
   Harvey, Chris; Tagliamonte, Sali, Univ Toronto, Dept Linguist, Sidney Smith Hall,4th Floor,100 St George St, Toronto, ON M5S 3G3, Canada.
   Corrigan, Karen P., Newcastle Univ, Sch English Literature Language \& Linguist, Percy Bldg, Newcastle Upon Tyne NE1 7RU, Tyne \& Wear, England.}},
DOI = {{10.1017/S1360674318000199}},
Article-Number = {{PII S1360674318000199}},
ISSN = {{1360-6743}},
EISSN = {{1469-4379}},
Keywords = {{negation; indefinites; comparative sociolinguistics; morphosyntactic
   variation; language variation and change}},
Keywords-Plus = {{SYNTACTIC VARIATION; ENGLISH; CONCORD}},
Research-Areas = {{Linguistics}},
Web-of-Science-Categories  = {{Linguistics; Language \& Linguistics}},
Author-Email = {{claire.childs@york.ac.uk
   c.harvey@mail.utoronto.ca
   k.p.corrigan@ncl.ac.uk
   sali.tagliamonte@utoronto.ca}},
Funding-Acknowledgement = {{Economic and Social Research Council's North East Doctoral Training
   Centre; Arts and Humanities Research CouncilUK Research \& Innovation
   (UKRI)Arts \& Humanities Research Council (AHRC); Economic and Social
   Research Council of the UKUK Research \& Innovation (UKRI)Economic \&
   Social Research Council (ESRC); Social Science and Humanities Council of
   Canada}},
Funding-Text = {{We gratefully acknowledge the financial support from the Economic and
   Social Research Council's North East Doctoral Training Centre (for an
   award granted to the first author), the Arts and Humanities Research
   Council (for awards granted to the second author) and the Economic and
   Social Research Council of the UK and the Social Science and Humanities
   Council of Canada (for awards granted to the fourth author). We would
   also like to thank Jack Chambers, Elizabeth Cowper, Anders Holmberg,
   Heike Pichler, Jennifer Smith, Jennifer Thorburn, Joel Wallenberg and
   Hedde Zeijlstra for comments and discussion on this variable over the
   past few years, as well as audiences at NWAV43 (Chicago), ICLaVE8
   (Leipzig) and ICAME36 (Trier). Many thanks also go to the DECTE project
   team for access to the Tyneside data.}},
Cited-References = {{Anderwald L., 2002, NEGATION NONSTANDARD.
   Anderwald L, 2005, ASPECTS OF ENGLISH NEGATION, P113.
   {[}Anonymous], 2017, INNOV SURG SCI, V2, P1, DOI DOI 10.5334/gjgl.276.
   Bates D, 2015, J STAT SOFTW, V67, P1, DOI 10.18637/jss.v067.i01.
   Bayley Robert, 2013, U PENNSYLVANIA WORKI, V19, P21.
   Beal JC, 2012, DIALECT ENGL, P1.
   Berdan Robert, 1980, PERSPECTIVES AM ENGL, P377, DOI DOI 10.1515/9783110813340-027.
   Biber D., 1988, VARIATION SPEECH WRI.
   Biber D., 1999, LONGMAN GRAMMAR SPOK.
   Boberg Charles, 2010, ENGLISH LANGUAGE CAN.
   Buchstaller Isabelle, 2015, RES NO ENGLISH, P71.
   Burnertt H, 2018, LANG VAR CHANGE, V30, P83, DOI 10.1017/S0954394517000266.
   Bybee J., 2001, TYPOLOGICAL STUDIES, V45, P5, DOI {[}DOI 10.1075/TSL.45.01BYB, 10.1075/tsl.45.01byb].
   CHAMBERS JK, 1991, ENGLISH WORLD SOCIOL, P89.
   Cheshire Jenny, 1982, VARIATION ENGLISH DI.
   Chierchia Gennaro, 2013, LOGIC GRAMMAR POLARI.
   Childs Claire, 2016, THESIS.
   Corrigan Karen P., 2010, LINGUISTIC TIME CAPS.
   Cowan Helen I, 1961, BRIT EMIGRATION BRIT.
   D'Arcy A, 2010, LANG SOC, V39, P383, DOI 10.1017/S0047404510000205.
   Dollinger S, 2006, LANG COMPUT, P7.
   Eckert Penelope, 1989, JOCKS BURNOUTS SOCIA.
   Eckert Penelope, 2000, LINGUISTIC VARIATION.
   Elliott BS, 2004, INT CAN STUD SER, P51.
   Erker D, 2012, LANGUAGE, V88, P526.
   Filppula M., 1999, GRAMMAR IRISH ENGLIS.
   Filppula M, 2008, VARIETIES OF ENGLISH 1: THE BRITISH ISLES, P328.
   Francis W, 1982, FREQUENCY ANAL ENGLI.
   Grieve-Smith Angus B., 2009, THESIS.
   HARRIS J, 1984, J LINGUIST, V20, P303, DOI 10.1017/S0022226700013918.
   Harvey Chris, 2013, ANY NO NEGATION SO O.
   Howe D, 2005, ASPECTS OF ENGLISH NEGATION, P173.
   Huby Meg, 1999, STUDY TOWN LIFE LIVI.
   Ingham Richard, 2013, NEGATION LANGUAGES E, P119.
   Iyeiri Y, 2005, ASPECTS OF ENGLISH NEGATION, P1.
   Iyeiri Yoko, 2001, NEGATIVE CONSTRUCTIO.
   Jack George B., 1978, STUD NEOPHILOL, V50, P29, DOI 10.1080/00393277808587702.
   Johnson DE, 2009, LANG LINGUIST COMPAS, V3, P359, DOI 10.1111/j.1749-818x.2008.00108.x.
   Kayne R.S., 1998, SYNTAX-UK, V1, P128.
   LABOV W, 1972, LANGUAGE, V48, P773, DOI 10.2307/411989.
   LABOV W, 1966, SOCIAL STRATIFICATIO.
   Labov W, 2001, PRINCIPLES LINGUISTI, V2.
   Labov W., 1972, SOCIOLINGUISTIC PATT.
   Lieberman E, 2007, NATURE, V449, P713, DOI 10.1038/nature06137.
   Lyons C., 1999, DEFINITENESS.
   Mazzon Gabriella, 2004, HIST ENGLISH NEGATIO.
   Mufwene S.S., 2001, ECOLOGY LANGUAGE EVO.
   Nevalainen Terttu, 1996, ADV ENGLISH HIST LIN, P263, DOI 10.1515/9783110804072.263.
   Nevalainen Terttu, 2006, HIST SOCIOLINGUISTIC.
   Paradis Carita, 2003, MODALITY CONT ENGLIS, P191, DOI DOI 10.1515/9783110895339.191.
   Peters P, 2008, STUD LANG VAR, V2, P147.
   Peters P, 2009, VAR ENGL AR WORLD GS, VG39, P225.
   Pichler H., 2013, STRUCTURE DISCOURSE.
   POLLOCK JY, 1989, LINGUIST INQ, V20, P365.
   Quirk R., 1985, COMPREHENSIVE GRAMMA.
   R Core Team, 2014, R LANG ENV STAT COMP.
   Rissanen Matti, 2000, DEV STANDARD ENGLISH, P117, DOI 10.1017/ CBO9780511551758.008.
   Rissanen Matti, 1999, NEGATION HIST ENGLIS, P189.
   Robinson F., 2002, CITY, V6, P317.
   Scheibman J, 2000, J PRAGMATICS, V32, P105, DOI 10.1016/S0378-2166(99)00032-6.
   Smith Jennifer, 2001, LANG VAR CHANGE, V13, P109, DOI DOI 10.1017/S0954394501132011.
   Smith Jennifer, 2000, ENGL WORLD-WIDE, V21, P231, DOI {[}10.1075/eww.21.2.04smi, DOI 10.1075/EWW.21.2.04SMI].
   Svenonius P., 2002, WORKING PAPERS SCAND, V69, P121.
   Tagliamonte SA, 2014, LANGUAGE, V90, P90, DOI 10.1353/lan.2014.0016.
   Tagliamonte Sali A., 2013, ROOTS ENGLISH EXPLOR.
   Tagliamonte Sali A., 2003, 41020030005 SSHRC.
   Tagliamonte Sali A., 2003, DETERMINANTS GRAMMAT, P531, DOI DOI 10.1515/9783110900019.
   Tagliamonte Sali A., 1998, LANG VAR CHANGE, V10, P153, DOI {[}10.1017/S0954394500 001277, DOI 10.1017/S0954394500001277].
   Tagliamonte Sali A., 1996, 000221842 ESRC.
   Terttu Nevalainen, 2006, HDB HIST ENGLISH, P558.
   Tieken-Boon van Ostade Ingrid, 1997, AELFRIC NEW YORK TIM, P183.
   TOTTIE G, 1991, TOP ENG LIT, V2, P439.
   Tottie G., 1991, NEGATION ENGLISH SPE.
   Trousdale Graeme, 2012, MOUTON WORLD ATLAS V, P70.
   Tubau S, 2016, J COMP GER LINGUIST, V19, P143, DOI 10.1007/s10828-016-9079-4.
   VanHerk G., 2012, WHAT IS SOCIOLINGUIS.
   VANKEMENADE A, 2000, DIACHRONIC SYNTAX MO, P51.
   Wallage P, 2016, LANG COGN MIND, V1, P199, DOI 10.1007/978-3-319-17464-8\_9.
   Wallage Phillip, 2017, NEGATION EARLY ENGLI.
   Wallage Phillip, 2012, OXFORD HDB HIST ENGL, P721.
   White Randall, 1996, ONTARIO 1610 1985 PO.
   Willcock DI, 2013, COLLABORATING FOR RESULTS: SILO WORKING AND RELATIONSHIPS THAT WORK, P1.
   Willis David, 2013, HIST NEGATION LANGUA.
   Zeijlstra H, 2011, J COMP GER LINGUIST, V14, P111, DOI 10.1007/s10828-011-9043-2.
   Zeijlstra Hedde, 2004, SENTENTIAL NEGATION.}},
Number-of-Cited-References = {{85}},
Times-Cited = {{0}},
Usage-Count-Last-180-days = {{2}},
Usage-Count-Since-2013 = {{4}},
Journal-ISO = {{Engl. Lang. Linguist.}},
Doc-Delivery-Number = {{LC8JH}},
Unique-ID = {{ISI:000525578500002}},
OA = {{Green Accepted}},
DA = {{2021-05-18}},
}

@article{ ISI:000505903200001,
Author = {Constantinou, Filio and Chambers, Lucy},
Title = {{Non-standard English in UK students' writing over time}},
Journal = {{LANGUAGE AND EDUCATION}},
Year = {{2020}},
Volume = {{34}},
Number = {{1}},
Pages = {{22-35}},
Month = {{JAN 2}},
Abstract = {{This study examined the use of non-standard English features in
   16-year-old students' writing in the UK. Adopting a diachronic approach
   to the investigation of students' written production, the study sought
   to identify changes in students' use of non-standard English over the
   course of a decade, specifically from 2004 to 2014. It involved an
   analysis of 858 extracts of writing composed under standardised
   examination conditions by students from across the UK. The study found
   an increase in the use of non-standard English features over time. This
   increase affected mainly low-attaining students. While attainment
   emerged as a factor influencing the use of non-standard English
   features, gender did not. Other findings reported in the paper include a
   list of the most commonly used non-standard English features in 2004 and
   2014 pointing to the features that should be prioritised in teaching,
   and indications about their geographical distribution. Some insights
   into dialect levelling in the UK are also provided. The paper argues
   that the role of language education should be re-evaluated and
   re-defined at regular intervals, as students' language needs seem to
   change over time.}},
Publisher = {{ROUTLEDGE JOURNALS, TAYLOR \& FRANCIS LTD}},
Address = {{2-4 PARK SQUARE, MILTON PARK, ABINGDON OX14 4RN, OXON, ENGLAND}},
Type = {{Article}},
Language = {{English}},
Affiliation = {{Constantinou, F (Corresponding Author), Univ Cambridge, Res Div, Cambridge Assessment, Cambridge, England.
   Constantinou, Filio; Chambers, Lucy, Univ Cambridge, Res Div, Cambridge Assessment, Cambridge, England.}},
DOI = {{10.1080/09500782.2019.1702996}},
Early Access Date = {{JAN 2020}},
ISSN = {{0950-0782}},
EISSN = {{1747-7581}},
Keywords = {{Non-standard English; dialects; dialect interference; writing; secondary
   education}},
Keywords-Plus = {{STANDARD ENGLISH; TYNESIDE DIALECT; CHILDRENS; AWARENESS; FEATURES}},
Research-Areas = {{Education \& Educational Research; Linguistics}},
Web-of-Science-Categories  = {{Education \& Educational Research; Linguistics; Language \& Linguistics}},
Author-Email = {{constantinou.f@cambridgeassessment.org.uk}},
ORCID-Numbers = {{Chambers, Lucy/0000-0002-6039-8175}},
Cited-References = {{Agresti A, 2002, WILEY SERIES PROBABI.
   Ammon U., 1989, DIALECT ED SOME EURO, P113.
   CHESHIRE J, 1982, EDUC REV, V34, P53, DOI 10.1080/0013191820340106.
   Cheshire Jenny Viv, 1993, REAL ENGLISH GRAMMAR, P53.
   Constantinou F., 2014, THESIS.
   Constantinou F, 2020, LANG CULT CURRIC, V33, P66, DOI 10.1080/07908318.2018.1563609.
   Craig H. K., 2006, MALIK GOES SCH EXAMI.
   Crinson J., 2004, LANGUAGE ED, V18, P207, DOI {[}10.1080/09500780408666876, DOI 10.1080/09500780408666876].
   de Kleine C, 2006, ESL APPL LINGUISTICS, P205.
   Edwards V., 1993, REAL ENGLISH GRAMMAR, P214.
   Elliott G., 2016, VARIATIONS ASPECTS W.
   Fairclough N., 1992, DISCOURSE SOCIAL CHA.
   Fogel H, 2000, CONTEMP EDUC PSYCHOL, V25, P212, DOI 10.1006/ceps.1999.1002.
   HAUGEN E, 1966, AM ANTHROPOL, V68, P922, DOI 10.1525/aa.1966.68.4.02a00040.
   Hornberger N. H., 1994, LANGUAGE ED, V8, P75, DOI {[}10.1080/09500789409541380, DOI 10.1080/09500789409541380].
   HUDSON R, 1995, CHILDRENS USE SPOKEN.
   Hughes A., 1991, ENGLISH ACCENTS DIAL.
   Johnson L, 2017, READ WRIT, V30, P2009, DOI 10.1007/s11145-017-9764-y.
   Kerswill Paul, 2003, SOCIAL DIALECTOLOGY, P223, DOI DOI 10.1075/IMPACT.16.
   Levey S, 2012, LANG EDUC-UK, V26, P405, DOI 10.1080/09500782.2011.651144.
   Lockwood M, 2012, CHANG ENGL, V19, P359, DOI 10.1080/1358684X.2012.704586.
   Massey A. J., 2005, VARIATIONS ASPECTS W.
   Milroy James, 2001, J SOCIOLING, V5, P530, DOI DOI 10.1111/1467-9481.00163.
   Siegel J., 1999, J MULTILING MULTICUL, V20, P508, DOI DOI 10.1080/01434639908666387.
   Stijnen S., 1989, DIALECT ED, P139.
   STREVENS P, 1985, ENGL TODAY, V1, P5, DOI DOI 10.1017/S0266078400000055.
   TRUDGILL P, 1984, LANGUAGE BRIT ISLES, P32.
   Trudgill P., 1999, STANDARD ENGLISH WID, P117.
   VERBI, 2016, MAXQDA SOFTW QUAL DA.
   WHITEMAN MF, 1981, WRITING NATURE DEV T, V1, P153.
   WILLIAMS A, 1989, DIALECT ED SOME EURO, P182.
   WILLIAMSON J, 1990, EDUC STUD, V16, P251, DOI 10.1080/0305569900160304.
   Williamson J, 1997, EDUC STUD, V23, P157, DOI 10.1080/0305569970230201.
   WILLIAMSON J, 1995, EDUC STUD, V21, P3, DOI 10.1080/0305569950210101.
   Williamson J., 1997, LANGUAGE ED, V11, P287, DOI DOI 10.1080/09500789708666734.
   Wolfram Walt, 1998, AM ENGLISH.
   Yiakoumetti A, 2006, APPL LINGUIST, V27, P295, DOI 10.1093/applin/aml012.}},
Number-of-Cited-References = {{37}},
Times-Cited = {{1}},
Usage-Count-Last-180-days = {{0}},
Usage-Count-Since-2013 = {{4}},
Journal-ISO = {{Lang. Educ.}},
Doc-Delivery-Number = {{KE9HP}},
Unique-ID = {{ISI:000505903200001}},
DA = {{2021-05-18}},
}

@article{ ISI:000591693000001,
Author = {Hejna, Misa and Ackerman, Lauren and Wallenberg, Joel C.},
Title = {{Attention to People Like You: A Proposal Regarding Neuroendocrine
   Effects on Linguistic Variation}},
Journal = {{BIOLINGUISTICS}},
Year = {{2020}},
Volume = {{14}},
Pages = {{1-20}},
Abstract = {{Although the literature on language change has often replicated and
   discussed a pattern in which female speakers lead in changes that occur
   below the level of awareness, there is no consensus on why this pattern
   should arise. Interestingly, recent findings in endocrinology show that
   differences in prenatal testosterone exposure can impact learning
   patterns. In the light of these findings, we first present preliminary
   results consistent with the hypothesis that a biological factor,
   prenatal exposure to androgens, can have a small, continuous biasing
   effect on linguistic variation, namely the variable duration of
   pre-aspiration conditioned by voiceless obstruents in Tyneside English.
   Second, we propose an explanatory model in which the biological
   factor-prenatal testosterone exposure-creates subtle bias in how
   speakers learn linguistic variants and suggest that some reported sex
   effects are derivative. This model is compatible with the high tendency
   for females to lead in language change from below (Labov 1990: 206).}},
Publisher = {{UNIV CYPRUS, DEPT ENGLISH STUDIES}},
Address = {{UNIV CYPRUS, DEPT ENGLISH STUDIES, NICOSIA, 1678, CYPRUS}},
Type = {{Article}},
Language = {{English}},
Affiliation = {{Hejna, M (Corresponding Author), Aarhus Univ, Fac Arts, Dept English, Aarhus, Denmark.
   Hejna, Misa, Aarhus Univ, Fac Arts, Dept English, Aarhus, Denmark.
   Ackerman, Lauren, Newcastle Univ, Fac Humanities \& Social Sci, Sch Educ Commun \& Language Sci, Newcastle Upon Tyne, Tyne \& Wear, England.
   Wallenberg, Joel C., Newcastle Univ, Fac Humanities \& Social Sci, Sch English Literature Language \& Linguist, Newcastle Upon Tyne, Tyne \& Wear, England.}},
ISSN = {{1450-3417}},
Keywords = {{pre-aspiration; prenatal testosterone exposure; sound change from below;
   gender/sex differences; Tyneside English}},
Keywords-Plus = {{FETAL TESTOSTERONE; SEXUAL ORIENTATION; DIGIT RATIOS; BEHAVIOR;
   HORMONES; SPEECH; 2D4D; ATTRACTIVENESS; HETEROSEXUALS; HOMOSEXUALS}},
Research-Areas = {{Linguistics}},
Web-of-Science-Categories  = {{Language \& Linguistics}},
Author-Email = {{misa.hejna@cc.au.dk}},
ORCID-Numbers = {{Hejna, Misa/0000-0002-9328-2603}},
Funding-Acknowledgement = {{Wellcome Trust Capital Award {[}092504]}},
Funding-Text = {{We would like to thank Claire Cochrane for her immense help with data
   collection and participant recruitment. We are also grateful to the
   Centre for Behaviour and Evolution seminar audience at Newcastle
   University. This work was, in part, supported by a Wellcome Trust
   Capital Award to Newcastle University (grant number 092504). All errors
   are, of course, our own.}},
Cited-References = {{ABITBOL J, 1989, Journal of Voice, V3, P157, DOI 10.1016/S0892-1997(89)80142-0.
   Ackerman L, 2019, GLOSSA-UK, V4, DOI 10.5334/gjgl.721.
   Allaway HC, 2009, AM J HUM BIOL, V21, P365, DOI 10.1002/ajhb.20892.
   Amir Ofer, 2004, Curr Opin Otolaryngol Head Neck Surg, V12, P180, DOI 10.1097/01.moo.0000120304.58882.94.
   Atkinson BM, 2017, PSYCHONEUROENDOCRINO, V79, P9, DOI 10.1016/j.psyneuen.2017.01.032.
   Auyeung B, 2009, PSYCHOL SCI, V20, P144, DOI 10.1111/j.1467-9280.2009.02279.x.
   Baker A, 2011, LANG VAR CHANGE, V23, P347, DOI 10.1017/S0954394511000135.
   Balthazart Jacques, 2002, P223.
   Balthazart Jacques, 2011, BIOL HOMOSEXUALITY.
   Bates D., 2018, ARXIV150604967.
   Bates D, 2015, J STAT SOFTW, V67, P1, DOI 10.18637/jss.v067.i01.
   Belsky DW, 2015, P NATL ACAD SCI USA, V112, pE4104, DOI 10.1073/pnas.1506264112.
   Bermudez-Otero R., INDIVIDUALS COMMUNIT.
   Brown WM, 2002, ARCH SEX BEHAV, V31, P123, DOI 10.1023/A:1014091420590.
   Cohen-Bendahan CCC, 2005, NEUROSCI BIOBEHAV R, V29, P353, DOI 10.1016/j.neubiorev.2004.11.004.
   Collins SA, 2003, ANIM BEHAV, V65, P997, DOI 10.1006/anbe.2003.2123.
   Eckert P, 2011, AM SPEECH, V86, P85, DOI 10.1215/00031283-1277528.
   Ferdenzi C, 2011, P ROY SOC B-BIOL SCI, V278, P3551, DOI 10.1098/rspb.2011.0544.
   Fouquet M, 2016, ROY SOC OPEN SCI, V3, DOI 10.1098/rsos.160395.
   Fry Dennis B., 1982, PHYS SPEECH.
   Hall K., 1995, GENDER ARTICULATED L.
   Hall Kira, 1995, GENDER ARTICULATED L, P183, DOI DOI 10.1017/S0047404599232095.
   Hejna M., 2015, P 18 INT C PHON SCI.
   Hejna Misa, 2015, THESIS.
   Hejna Misa, 2016, PREASPIRATION MANUAL.
   HENTON CG, 1985, LANG COMMUN, V5, P221, DOI 10.1016/0271-5309(85)90012-6.
   Hines M, 2004, J SEX RES, V41, P75, DOI 10.1080/00224490409552215.
   Hines M, 2006, EUR J ENDOCRINOL, V155, pS115, DOI 10.1530/eje.1.02236.
   Hines M, 2016, PHILOS T R SOC B, V371, DOI 10.1098/rstb.2015.0125.
   Hinrichs Lars, 2013, RICE WORKING PAPERS, V4, P1.
   Keating P., 2015, P 18 INT C PHON SCI.
   Labov, 1990, LANG VAR CHANGE, V2, P205, DOI DOI 10.1017/S0954394500000338.
   LABOV W, 1966, SOCIAL STRATIFICATIO.
   LABOV W, 1994, PRINCIPLES LINGUISTI, V1.
   Labov W, 2001, PRINCIPLES LINGUISTI, V2.
   Labov W, 2013, LANGUAGE, V89, P30.
   Lawson Eleanor Jane, 2008, U PENNSYLVANIA WORKI, V4, P102.
   Li JF, 2017, MED SCI MONITOR, V23, P2275, DOI 10.12659/MSM.904651.
   Lutchmaya S, 2002, INFANT BEHAV DEV, V25, P327, DOI 10.1016/S0163-6383(02)00094-2.
   Lutchmaya S, 2004, EARLY HUM DEV, V77, P23, DOI 10.1016/j.earlhumdev.2003.12.002.
   Manning JT, 2007, ARCH SEX BEHAV, V36, P223, DOI 10.1007/s10508-007-9171-6.
   Manson JE, 2008, METABOLISM, V57, pS16, DOI 10.1016/j.metabol.2008.07.010.
   McFadden D, 1999, J ACOUST SOC AM, V105, P2403, DOI 10.1121/1.426845.
   McFadden D, 1998, P NATL ACAD SCI USA, V95, P2709, DOI 10.1073/pnas.95.5.2709.
   McFadden D, 2002, ARCH SEX BEHAV, V31, P99, DOI 10.1023/A:1014087319682.
   Nacci A, 2011, FOLIA PHONIATR LOGO, V63, P77, DOI 10.1159/000316136.
   Nance C, 2013, J INT PHON ASSOC, V43, P129, DOI 10.1017/S0025100313000042.
   Pasterski VL, 2005, CHILD DEV, V76, P264, DOI 10.1111/j.1467-8624.2005.00843.x.
   PRZEDLACKA J, 2001, STUDIA ANGLICA POSNA, V36, P35.
   R Core Team, 2016, R LANG ENV STAT COMP.
   Raj A, 2010, J VOICE, V24, P363, DOI 10.1016/j.jvoice.2008.10.005.
   Rosenfelder Ingrid, 2014, FAVE FORCED ALIGNMEN.
   Tagliamonte S.A., 2016, TEEN TALK LANGUAGE A.
   Tagliamonte SA, 2006, KEY T SOCIOLINGUIST, P1, DOI 10.2277/ 0521778182.
   Talarovicova A, 2009, HORM BEHAV, V55, P235, DOI 10.1016/j.yhbeh.2008.10.010.
   Trudgill Peter, 1972, LANGUAGE SOC, V1, P179, DOI DOI 10.1017/S0047404500000488.
   Wadnerkar MB, 2006, NEUROSCI LETT, V408, P21, DOI 10.1016/j.neulet.2006.07.032.
   Watt Dominic, 2003, J INT PHON ASSOC, V33, P267, DOI DOI 10.1017/S0025100303001397.
   Whiteside SR, 2004, NEUROSCI LETT, V367, P44, DOI 10.1016/j.neulet.2004.05.076.
   Wong WI, 2016, HORM BEHAV, V78, P86, DOI 10.1016/j.yhbeh.2015.10.022.
   Yang CD, 2002, KNOWLEDGE LEARNING N.
   Yang Charles., 2000, LANG VAR CHANGE, V12, P231, DOI {[}10.1017/S0954394500123014, DOI 10.1017/S0954394500123014].}},
Number-of-Cited-References = {{62}},
Times-Cited = {{0}},
Usage-Count-Last-180-days = {{0}},
Usage-Count-Since-2013 = {{0}},
Journal-ISO = {{Biolinguistics}},
Doc-Delivery-Number = {{OU7GG}},
Unique-ID = {{ISI:000591693000001}},
OA = {{DOAJ Gold}},
DA = {{2021-05-18}},
}

@article{ ISI:000497787600198,
Author = {Avery, Kerry and Blazeby, Jane and Wilson, Nicholas and Macefield,
   Rhiannon and Cousins, Sian and Main, Barry and Blencowe, Natalie S. and
   Zahra, Jesmond and Elliott, Daisy and Hinchliffe, Robert and Potter,
   Shelley},
Title = {{Development of reporting guidance and core outcome sets for seamless,
   standardised evaluation of innovative surgical procedures and devices: a
   study protocol for content generation and a Delphi consensus process
   (COHESIVE study)}},
Journal = {{BMJ OPEN}},
Year = {{2019}},
Volume = {{9}},
Number = {{9}},
Month = {{SEP}},
Abstract = {{Introduction Rigorous evaluation of innovative invasive procedures and
   medical devices is uncommon and lacks reporting standardisation. Devices
   may therefore enter routine practice without thorough evaluation,
   resulting in patient harm. Detailed guidance on how to select and report
   outcomes at each stage of evaluation is lacking. Development of
   reporting guidance and core outcome sets (COS) is one strategy to
   promote safe and transparent evaluation.
   Methods and analysis A COS, comprising outcome domains applicable to all
   phases of evaluation of procedure/device introduction and modification
   and, if necessary, supplementary domains relevant to specific phases or
   types of innovation (procedure or device), will be developed according
   to principles outlined by Core Outcome Measures in Effectiveness Trials
   (COMET) and Core Outcome Set-Standards for Development (COS-STAD)
   guidelines. Reporting guidance will be developed concurrently. The study
   will have the following three phases:
   1. Generation of a list of relevant outcome domains and reporting items
   identified from (a) published studies, (b) hospital policy
   documentation, (c) regulatory body documentation and (d) stakeholder
   qualitative interviews. Identified items/domains will be categorised
   using a conceptual framework and formatted into Delphi consensus survey
   questionnaire items.
   2. Key stakeholders, including 50 patients and 150 professionals
   (surgeons, researchers, device manufacturers, regulatory
   representatives, journal editors) sampled from multinational sources,
   will complete a Delphi survey to score the importance of each reporting
   item and outcome.
   3. A consensus meeting with key stakeholders will discuss and agree the
   final content of the reporting guidance and COS(s).
   Ethics and dissemination Ethical approval has been granted by North
   East-Newcastle and North Tyneside 1 Health Research Authority Research
   Ethics Committee (18/NE/0378). Dissemination strategies include
   scientific meeting presentations, peer-reviewed journal publications,
   development of plain English summaries/materials, patient engagement
   events, development of a social media identity, workshops and other
   events.}},
Publisher = {{BMJ PUBLISHING GROUP}},
Address = {{BRITISH MED ASSOC HOUSE, TAVISTOCK SQUARE, LONDON WC1H 9JR, ENGLAND}},
Type = {{Article}},
Language = {{English}},
Affiliation = {{Avery, K (Corresponding Author), Univ Bristol, Bristol Med Sch, Populat Hlth Sci, Bristol, Avon, England.
   Avery, Kerry; Blazeby, Jane; Wilson, Nicholas; Macefield, Rhiannon; Cousins, Sian; Main, Barry; Blencowe, Natalie S.; Zahra, Jesmond; Elliott, Daisy; Hinchliffe, Robert; Potter, Shelley, Univ Bristol, Bristol Med Sch, Populat Hlth Sci, Bristol, Avon, England.
   Blazeby, Jane; Main, Barry; Blencowe, Natalie S., Univ Hosp Bristol NHS Fdn Trust, Div Surg, Bristol, Avon, England.
   Hinchliffe, Robert, North Bristol NHS Trust, Vasc Serv, Bristol, Avon, England.
   Potter, Shelley, North Bristol NHS Trust, Bristol Breast Care Ctr, Bristol, Avon, England.}},
DOI = {{10.1136/bmjopen-2019-029574}},
Article-Number = {{e029574}},
ISSN = {{2044-6055}},
Keywords = {{device approval; Delphi technique; guidelines as topic; outcome
   assessment; surgical procedures; operative}},
Keywords-Plus = {{IDEAL FRAMEWORK}},
Research-Areas = {{General \& Internal Medicine}},
Web-of-Science-Categories  = {{Medicine, General \& Internal}},
Author-Email = {{kerry.avery@bristol.ac.uk}},
ResearcherID-Numbers = {{Potter, Shelley/C-5924-2012
   }},
ORCID-Numbers = {{Potter, Shelley/0000-0002-6977-312X
   Blazeby, Jane/0000-0002-3354-3330
   Avery, Kerry/0000-0001-5477-2418
   Blencowe, Natalie/0000-0002-6111-2175
   Elliott, Daisy/0000-0001-8143-9549
   Macefield, Rhiannon/0000-0002-6606-5427}},
Funding-Acknowledgement = {{National Institute for Health Research (NIHR) Biomedical Research Centre
   (BRC) at the University Hospitals Bristol NHS Foundation TrustNational
   Institute for Health Research (NIHR); University of Bristol; Royal
   College of Surgeons of England Bristol Surgical Trials Centre; MRC
   ConDuCT-II (Collaboration and innovation for Difficult and Complex
   randomised controlled Trials In Invasive procedures) Hub for Trials
   Methodology Research {[}MR/K025643/1]; NIHRNational Institute for Health
   Research (NIHR) {[}CS-2016-16-019]}},
Funding-Text = {{This study is supported by the National Institute for Health Research
   (NIHR) Biomedical Research Centre (BRC) at the University Hospitals
   Bristol NHS Foundation Trust and the University of Bristol. This work
   was supported by the Royal College of Surgeons of England Bristol
   Surgical Trials Centre and the MRC ConDuCT-II (Collaboration and
   innovation for Difficult and Complex randomised controlled Trials In
   Invasive procedures) Hub for Trials Methodology Research (MR/K025643/1)
   (www.bristol.ac.uk/social-community-medicine/centres/conduct2). The
   views expressed in this publication are those of the authors and do not
   necessarily reflect those of the UK National Health Service, the
   National Institute for Health Research, the Department of Health and
   Social Care, the Royal College of Surgeons of England or the Medical
   Research Council. SP is an NIHR Clinician Scientist (CS-2016-16-019). JB
   is an NIHR Senior Investigator. NSB and BM are NIHR Academic Clinical
   Lecturers.}},
Cited-References = {{Barkun JS, 2009, LANCET, V374, P1089, DOI 10.1016/S0140-6736(09)61083-7.
   Brookes ST, 2016, TRIALS, V17, DOI 10.1186/s13063-016-1479-x.
   Cohen D, 2012, BRIT MED J, V344, DOI 10.1136/bmj.e1410.
   COOK JA, 2013, BMJ-BRIT MED J, V346, DOI DOI 10.1136/BMJ.F2820.
   Cousins S, 2018, CLIN TRIALS S, V15.
   DYER C, 2018, BMJ BRIT MED J, V0363, DOI DOI 10.1136/BMJ.K4791.
   Ergina PL, 2009, LANCET, V374, P1097, DOI 10.1016/S0140-6736(09)61086-2.
   Ergina PL, 2013, BMJ-BRIT MED J, V346, DOI 10.1136/bmj.f3011.
   Eysenbach G, 2012, J MED INTERNET RES, V14, DOI 10.2196/jmir.2042.
   Gorst SL, 2016, PLOS ONE, V11, DOI 10.1371/journal.pone.0168403.
   Guyatt GH, 2011, J CLIN EPIDEMIOL, V64, P395, DOI 10.1016/j.jclinepi.2010.09.012.
   Harding AJE, 2018, TRIALS, V19, DOI 10.1186/s13063-018-2584-9.
   Harman NL, 2013, TRIALS, V14, DOI 10.1186/1745-6215-14-70.
   Harris PA, 2009, J BIOMED INFORM, V42, P377, DOI 10.1016/j.jbi.2008.08.010.
   Heneghan C, 2017, BMJ-BRIT MED J, V359, DOI 10.1136/bmj.j5515.
   Hirst A, 2013, INT J SURG, V11, P1038, DOI 10.1016/j.ijsu.2013.09.016.
   Khachane A, 2018, INT J SURG, V57, P84, DOI 10.1016/j.ijsu.2018.07.008.
   Kirkham JJ, 2017, PLOS MED, V14, DOI 10.1371/journal.pmed.1002447.
   Marsden H., 2017, INDEPENDENT.
   MCCULLOCH P, 2013, BMJ-BRIT MED J, V346, P75, DOI DOI 10.1136/BMJ.F3012.
   McCulloch P, 2009, LANCET, V374, P1105, DOI 10.1016/S0140-6736(09)61116-8.
   Moher D, 2010, PLOS MED, V7, DOI 10.1371/journal.pmed.1000217.
   Neugebauer EAM, 2017, TRIALS, V18, DOI 10.1186/s13063-017-2168-0.
   Pennell CP, 2016, BRIT J SURG, V103, P607, DOI 10.1002/bjs.10115.
   Pennell CP, 2016, INT J SURG, V28, P141, DOI 10.1016/j.ijsu.2016.01.082.
   Potter S, 2015, BRIT J SURG, V102, P1360, DOI 10.1002/bjs.9883.
   Sedrakyan A, 2016, BMJ-BRIT MED J, V353, DOI 10.1136/bmj.i2372.
   UK Department of Health and Department for Business Energy and Industrial Strategy, 2018, IMPR PAT ACC BREACKT.
   van `t Hooft J, 2016, OBSTET GYNECOL, V127, P49, DOI 10.1097/AOG.0000000000001195.
   WILLIAMSON PR, 2017, TRIALS S3, V18, DOI DOI 10.1186/S13063-017-1978-4.}},
Number-of-Cited-References = {{30}},
Times-Cited = {{4}},
Usage-Count-Last-180-days = {{0}},
Usage-Count-Since-2013 = {{4}},
Journal-ISO = {{BMJ Open}},
Doc-Delivery-Number = {{JO7XE}},
Unique-ID = {{ISI:000497787600198}},
OA = {{DOAJ Gold, Green Published}},
DA = {{2021-05-18}},
}

@article{ ISI:000466060800003,
Author = {Childs, Claire},
Title = {{Interviewer effects on the phonetic reduction of negative tags, innit?}},
Journal = {{JOURNAL OF PRAGMATICS}},
Year = {{2019}},
Volume = {{142}},
Pages = {{31-46}},
Month = {{MAR}},
Abstract = {{This paper investigates interviewer effects on speakers' use of full,
   reduced or coalesced variants of negative tags, e.g. it's a nice day,
   isn't it/int it/innit? Using a corpus of North East English containing
   interviews with a range of participants and interviewers, I examine
   whether speakers use more phonetically-reduced variants when interviewed
   by someone who is more familiar to them and speaks a variety of English
   more similar to their own. Quantitative variationist analysis reveals
   that these interviewer effects do have an impact on the variation and
   apply in addition to linguistic and social constraints. When speakers
   use more full variants, this is characteristic of either a more careful
   speech style or, in some contexts, so-called ``foreigner-directed
   speech{''}, both of which typically have less lenition and contraction
   than the vernacular. The findings of this study emphasise that through
   proper consideration of the effects that interviewers have on the data
   they collect, we can gain a more comprehensive, reliable interpretation
   of linguistic variation. Crown Copyright (C) 2018 Published by Elsevier
   B.V. All rights reserved.}},
Publisher = {{ELSEVIER}},
Address = {{RADARWEG 29, 1043 NX AMSTERDAM, NETHERLANDS}},
Type = {{Article}},
Language = {{English}},
Affiliation = {{Childs, C (Corresponding Author), Univ York, Dept Language \& Linguist Sci, York YO10 5DD, N Yorkshire, England.
   Childs, Claire, Univ York, Dept Language \& Linguist Sci, York YO10 5DD, N Yorkshire, England.}},
DOI = {{10.1016/j.pragma.2018.12.020}},
ISSN = {{0378-2166}},
EISSN = {{1879-1387}},
Keywords = {{Interviewer effects; Style; Sociolinguistic interview; Tag questions;
   Discourse-pragmatic variation; Tyneside English}},
Keywords-Plus = {{BRITISH ENGLISH; DISCOURSE MARKER; LANGUAGE; QUESTIONS; STYLE; SPEECH}},
Research-Areas = {{Linguistics}},
Web-of-Science-Categories  = {{Linguistics; Language \& Linguistics}},
Author-Email = {{claire.childs@york.ac.uk}},
ORCID-Numbers = {{Childs, Claire/0000-0002-3205-018X}},
Funding-Acknowledgement = {{Economic and Social Research Council (ESRC) North East Doctoral Training
   CentreUK Research \& Innovation (UKRI)Economic \& Social Research
   Council (ESRC)}},
Funding-Text = {{I gratefully acknowledge the financial support of the Economic and
   Social Research Council (ESRC) North East Doctoral Training Centre in my
   doctoral studies, for which this research was first carried out. I would
   like to thank Karen Corrigan, Anders Holmberg and Heike Pichler for
   their valuable feedback during that time, and the DECTE team for
   allowing me to use the corpus for this study. Thank you also to
   audiences at DiPVaC3 (Ottawa) and the Linguistics Speaker Series at
   Northumbria University, where aspects of this work were presented.}},
Cited-References = {{Algeo J., 1990, STATE LANGUAGE, P443.
   Algeo John, 1988, ENGL WORLD-WIDE, V9, P171, DOI DOI 10.1075/EWW.9.2.03ALG.
   Andersen Gisle, 2001, PRAGMATIC MARKERS SO.
   Anderwald Lieselotte, 2003, DETERMINANTS GRAMMAT, P507.
   Anthony L., 2011, ANTCONC VERSION 3 2.
   BAILEY G., 2004, SOCIOLINGUISTIC VARI, P11.
   Bailey G, 2001, J SOCIOLING, V5, P254, DOI DOI 10.1111/1467-9481.00150.
   Bailey Guy, 1991, LANG VAR CHANGE, V3.3, P241, DOI {[}10.1017/S0954394500000569, DOI 10.1017/S0954394500000569].
   Bates D, 2015, J STAT SOFTW, V67, P1, DOI 10.18637/jss.v067.i01.
   Beal JC, 2012, DIALECT ENGL, P1.
   Becker Kara, 2017, DATA COLLECTION SOCI, P209.
   BELL A, 1984, LANG SOC, V13, P145, DOI 10.1017/S004740450001037X.
   Bell Allan, 2001, STYLE SOCIOLINGUISTI, P139, DOI DOI 10.1017/CBO9780511613258.010.
   Brinton L. J., 2005, LEXICALIZATION LANGU.
   Bybee J. L., 2003, HDB HIST LINGUISTICS, P602, DOI DOI 10.1002/9780470756393.CH19.
   Bybee Joan., 2010, LANGUAGE USAGE COGNI.
   Cameron Deborah, 1989, WOMEN THEIR SPEECH C, P74.
   Chambers J. K., 1998, DIALECTOLOGY.
   CHESHIRE J, 1981, LANG SOC, V10, P365, DOI 10.1017/S0047404500008848.
   Cheshire Jenny, 1982, VARIATION ENGLISH DI.
   Cheshire Jenny, 2005, DIALECT CHANGE CONVE, P135.
   Childs C, 2017, GLOSSA-UK, V2, DOI 10.5334/gjgl.287.
   Childs Claire, 2017, THESIS.
   Coates J., 1996, WOMEN TALK CONVERSAT.
   Corrigan Karen P., 2010, LINGUISTIC TIME CAPS.
   COUPLAND N, 1980, LANG SOC, V9, P1, DOI 10.1017/S0047404500007752.
   Cruttenden A, 2001, PHONETICA, V58, P53, DOI 10.1159/000028488.
   Douglas-Cowie Ellen, 1978, SOCIOLINGUISTIC PATT, P37.
   Dubois B.L., 1975, LANG SOC, V4, P289, DOI DOI 10.1017/S0047404500006680.
   ECKERT P, 1992, ANNU REV ANTHROPOL, V21, P461, DOI 10.1146/annurev.an.21.100192.002333.
   Eckert P, 2008, J SOCIOLING, V12, P453, DOI 10.1111/j.1467-9841.2008.00374.x.
   Eckert Penelope, 2000, LINGUISTIC VARIATION.
   Ellis R., 1997, 2 LANGUAGE ACQUISITI.
   Escalera EA, 2009, J PRAGMATICS, V41, P2479, DOI 10.1016/j.pragma.2006.08.013.
   Ferguson Charle A., 1971, PIDGINIZATION CREOLI, P141.
   Fishwick Carmen, 2013, GUARDIAN.
   Freed AF, 1996, LANG SOC, V25, P1, DOI 10.1017/S0047404500020418.
   Giegerich Heinz, 1992, ENGLISH PHONOLOGY IN.
   GILES H., 1975, SPEECH STYLE SOCIAL.
   Guy Gregory R., 1980, LOCATING LANGUAGE TI, P1.
   Hatch E., 1983, PSYCHOLINGUISTICS 2.
   Holmes J, 1982, ENGLISH LANGUAGE RES, V3, P40.
   Holmes Janet, 1984, TE REO, V27, P47.
   Hopper Paul J., 2003, GRAMMATICALIZATION.
   HUDSON RA, 1975, LANGUAGE, V51, P1, DOI 10.2307/413148.
   innit int, 2016, OED ONLINE.
   Jespersen Otto H., 1940, MODERN ENGLISH GRA 5.
   Kangatharan Jayanthiny, 2012, SOC FR ACOUST P ACOU, P3943.
   Kimps D, 2007, J PRAGMATICS, V39, P270, DOI 10.1016/j.pragma.2006.08.003.
   Kimps D, 2014, J PRAGMATICS, V66, P64, DOI 10.1016/j.pragma.2014.02.013.
   Kirchner R, 2001, EFFORT BASED APPROAC.
   Krug M, 1998, AAA-ARB ANGLIST AM, V23, P145.
   Kyratzis A, 1999, J PRAGMATICS, V31, P1321, DOI 10.1016/S0378-2166(98)00107-6.
   Labov W., 1972, SOCIOLINGUISTIC PATT.
   Labov William, 2006, SOCIAL STRATIFICATIO.
   Labov William, 2001, SOCIAL FACTORS, VII.
   Lave J., 1991, SITUATED LEARNING LE.
   Laver J., 1994, PRINCIPLES PHONETICS.
   Levshina N., 2015, DO LINGUISTICS R DAT.
   Llamas C, 2009, J LANG SOC PSYCHOL, V28, P381, DOI 10.1177/0261927X09341962.
   Low EL, 2015, ROUT RES LANG ED, P1.
   Millar Martin, 1979, LINGUISTISCHE BERICH, V60, P24.
   MILROY L, 1980, LANG SOC, V9, P43, DOI 10.1017/S0047404500007788.
   Milroy Lesley, 1987, OBSERVING ANAL NATUR.
   Moore E, 2009, LANG SOC, V38, P447, DOI 10.1017/S0047404509990224.
   Nasslin S., 1984, ENGLISH TAG QUESTION.
   O'Connor J. D, 1955, ENGL STUD, V36, P97, DOI DOI 10.1080/00138385508596942.
   O'Grady G. N., 2013, KEY CONCEPTS PHONETI.
   OBarr W. M., 1980, WOMEN LANGUAGE LIT S, P93.
   Office for National Statistics, 2010, NAT STAT SOC CLASS U, V3.
   Martinez IP, 2015, ENGL LANG LINGUIST, V19, P383, DOI 10.1017/S1360674314000288.
   Pardoe I., 2012, APPL REGRESSION MODE.
   Pennington MC, 2011, LANG LEARN J, V39, P177, DOI 10.1080/09571736.2011.573686.
   Pichler H., 2013, STRUCTURE DISCOURSE.
   Pichler H., 2016, DISCOURSE PRAGMATIC, P59, DOI DOI 10.1017/CBO9781107295476.004.
   Pichler H, 2010, J SOCIOLING, V14, P581, DOI 10.1111/j.1467-9841.2010.00455.x.
   Pichler Heike, 2011, RES SALFORD ENGLISH.
   Podesva RJ, 2007, J SOCIOLING, V11, P478, DOI 10.1111/j.1467-9841.2007.00334.x.
   Quirk R., 1985, COMPREHENSIVE GRAMMA.
   R Core Team, 2014, R LANG ENV STAT COMP.
   Rickford JR., 1994, SOCIOLINGUISTIC PERS, P235.
   RUSSELL J, 1982, SOCIOLINGUISTIC VARI, P125.
   Sankowska J, 2011, POZ STUD CONTEMP LIN, V47, P109, DOI 10.2478/psicl-2011-0009.
   Saville-Troike M., 2017, INTRO 2 LANGUAGE ACQ, V3rd edition..
   Schilling N., 2013, SOCIOLINGUISTIC FIEL.
   Schleef E, 2008, AM SPEECH, V83, P62, DOI 10.1215/00031283-2008-003.
   Stuart-Smith Jane, 2006, POWER WORDS ESSAYS L, P171.
   Tagliamonte SA, 2006, KEY T SOCIOLINGUIST, P1, DOI 10.2277/ 0521778182.
   Tagliamonte Sali., 2012, VARIATIONIST SOCIOLI.
   Thelander Mats, 1982, SOCIOLINGUISTIC VARI, P65.
   Torgersen EN, 2011, CORPUS LINGUIST LING, V7, P93, DOI 10.1515/CLLT.2011.005.
   Tottie G., 2006, J ENGL LINGUIST, V34, P283.
   Tottie G, 2009, J ENGL LINGUIST, V37, P130, DOI 10.1177/0075424209332962.
   Traugott ElizabethCloss., 2010, SUBJECTIFICATION, P29, DOI DOI 10.1515/9783110226102.1.29.
   Uther M, 2007, SPEECH COMMUN, V49, P2, DOI 10.1016/j.specom.2006.10.003.
   Uther M, 2012, BRAIN RES, V1470, P52, DOI 10.1016/j.brainres.2012.06.041.
   Verdonik D, 2008, DISCOURSE STUD, V10, P759, DOI 10.1177/1461445608096572.
   Wesche Marjorie B, 1994, INPUT INTERACTION 2, P226.
   WOLFSON N, 1976, LANG SOC, V5, P189, DOI 10.1017/S0047404500007028.
   2007, CREATING DIGITIZING, P16.
   2004, J SOCIOLINGUIST, V8, P163.}},
Number-of-Cited-References = {{101}},
Times-Cited = {{0}},
Usage-Count-Last-180-days = {{1}},
Usage-Count-Since-2013 = {{5}},
Journal-ISO = {{J. Pragmat.}},
Doc-Delivery-Number = {{HV5YK}},
Unique-ID = {{ISI:000466060800003}},
OA = {{Green Accepted}},
DA = {{2021-05-18}},
}

@article{ ISI:000429624500003,
Author = {Childs, Claire},
Title = {{Integrating syntactic theory and variationist analysis: The structure of
   negative indefinites in regional dialects of British English}},
Journal = {{GLOSSA-A JOURNAL OF GENERAL LINGUISTICS}},
Year = {{2017}},
Volume = {{2}},
Number = {{1}},
Month = {{DEC 14}},
Abstract = {{This paper integrates syntactic theory and variationist analysis in an
   investigation of the variation between English not-negation (I don't
   have any money), no-negation (I have no money) and negative concord (I
   don't have no money). Using corpora of three varieties of UK English
   spoken in Glasgow, Tyneside and Salford respectively, I test two
   theoretical accounts of the variation. Account 1 applies Zeijlstra's
   (2004) agreement-based theory of negative concord to all three variants,
   such that n-words (e.g. nobody) which feature in no-negation and
   negative concord are not inherently negative but agree with a negative
   operator in a higher NegP. Under Account 2, no-negation is instead
   derived via negative-marking within the DP followed by movement to the
   higher NegP for sentential scope (Kayne 1998; Svenonius 2002; Zeijlstra
   2011). These accounts, together with observations about the raising
   properties of functional versus lexical verbs, lead to the formulation
   of different hypotheses about the distribution of variants in speech
   according to verb type, verb phrase complexity, and the discourse status
   of the propositions expressed. Results of distributional analysis and
   mixed-effects modelling support Account 2 of the variation over Account
   1, suggesting structural identity between not-negation and negative
   concord (in contrast to no-negation). This supports Tubau's (2016)
   proposal that English negative indefinites have two distinct structures:
   one in which negation is marked syntactically in the DP and one in which
   they agree with a syntactically-higher NegP.}},
Publisher = {{UBIQUITY PRESS LTD}},
Address = {{2N, 6 OSBORNE ST, LONDON, E1 6TD, ENGLAND}},
Type = {{Article}},
Language = {{English}},
Affiliation = {{Childs, C (Corresponding Author), Univ York, GB, York, N Yorkshire, England.
   Childs, Claire, Univ York, GB, York, N Yorkshire, England.}},
DOI = {{10.5334/gjgl.287}},
Article-Number = {{106}},
ISSN = {{2397-1835}},
Keywords = {{negation; morpho-syntactic variation; English dialects; comparative
   sociolinguistics; discourse-pragmatics}},
Keywords-Plus = {{CONCORD; MOVEMENT; SCOPE}},
Research-Areas = {{Linguistics}},
Web-of-Science-Categories  = {{Linguistics; Language \& Linguistics}},
Author-Email = {{claire.childs@york.ac.uk}},
ORCID-Numbers = {{Childs, Claire/0000-0002-3205-018X}},
Funding-Acknowledgement = {{Economic and Social Research Council North East Doctoral Training
   Centre; Economic and Social Research CouncilUK Research \& Innovation
   (UKRI)Economic \& Social Research Council (ESRC) {[}1188943] Funding
   Source: researchfish}},
Funding-Text = {{I gratefully acknowledge the financial support of the Economic and
   Social Research Council North East Doctoral Training Centre. I would
   like to thank Karen Corrigan, Anders Holmberg, Heike Pichler and Joel
   Wallenberg for their feedback at various stages of this research, as
   well as audiences at WISSLR 2014, the 9th Newcastle upon Tyne
   Postgraduate Conference in Linguistics, ISLE3, University of Edinburgh
   and the Gottingen Workshop on Negation and Polarity where aspects of
   this work were presented. Thank you also to Jane Stuart-Smith, the DECTE
   team and Heike Pichler for allowing me to use their corpora for this
   investigation. I am also grateful for the comments received from the
   editor and three anonymous reviewers.}},
Cited-References = {{Adger D., 2005, SYNTAX VARIATION REC, P149, DOI DOI 10.1075/CILT.265.10ADG.
   Adger D, 2007, ENGL LANG LINGUIST, V11, P261, DOI 10.1017/S1360674307002250.
   Adger D, 2010, LINGUA, V120, P1109, DOI 10.1016/j.lingua.2008.05.007.
   Anderwald L, 2005, ASPECTS OF ENGLISH NEGATION, P113.
   Anderwald Lieselotte, 2002, NEGATION NONSTANDARD, DOI {[}10.4324/9780203167502, DOI 10.4324/9780203167502].
   Anthony L., 2011, ANTCONC VERSION 3 2.
   Barbiers Sjef, 2005, SYNTAX VARIATION REC, P233, DOI DOI 10.1075/CILT.265.14BAR.
   Barton K., 2016, MULTIMODEL INFERENCE.
   Bates D, 2015, J STAT SOFTW, V67, P1, DOI 10.18637/jss.v067.i01.
   Berdan Robert, 1980, PERSPECTIVES AM ENGL, P377, DOI DOI 10.1515/9783110813340-027.
   Biberauer T, 2011, TRENDS LINGUIST-STUD, V235, P23.
   Blanchette F, 2013, LINGUIST VAR, V13, P1, DOI 10.1075/lv.13.1.01bla.
   Buchstaller I, 2013, ENGL LANG LINGUIST, V17, P85, DOI 10.1017/S1360674312000330.
   Burnett H., 2015, U PENNSYLVANIA WORKI, V21, P11.
   Burnett Heather, 2016, GLOW39 GOTT.
   Burnett Heather, SOFT SYNTAX IN PRESS.
   Burnett Heather, 2016, DIGS18 GHENT.
   Chambers JK, 2012, TOP ENGL LINGUIST, V80, P261.
   Cheshire Jenny, 1982, VARIATION ENGLISH DI.
   Childs Claire, 2013, CURRENT APPROACHES L, P311.
   Childs Claire, 2015, U PENNSYLVANIA WORKI, V21, P21.
   Childs Claire, 2016, THESIS.
   Childs Claire, TRANSATLANT IN PRESS.
   Chomsky N., 2015, MINIMALIST PROGRAM, DOI {[}10.7551/mitpress/9780262527347.001.0001, DOI 10.7551/MITPRESS/9780262527347.001.0001].
   Chomsky Noam., 2000, STEP STEP ESSAYS MIN, P89, DOI DOI 10.1017/S0022226702271625.
   Corbett GG, 2006, CAMB TEXTBK LINGUIST, P1.
   Cornips L., 2005, SYNTAX VARIATION REC, P1, DOI DOI 10.1075/CILT.265.01COR.
   Cornips Leonie, 2005, DIALECT CHANGE CONVE, P96, DOI DOI 10.1017/CBO9780511486623.006.
   Corrigan Karen P., 2010, LINGUISTIC TIME CAPS.
   Coupland N, 2007, J SOCIOLING, V11, P74, DOI 10.1111/j.1467-9841.2007.00311.x.
   D'Arcy A., 2011, ANAL VARIATION ENGLI, P49, DOI DOI 10.1017/CBO9780511976360.004.
   Deprez Viviane., 1997, PROBUS, V9, P103.
   Giannakidou A., 2012, HDB QUANTIFIERS NATU, P285, DOI DOI 10.1007/978-94-007-2681-9\_6.
   GUY GR, 1993, AM DIALECT RES, P223, DOI DOI 10.1075/Z.68.11GUY.
   Haegeman Liliane, 1995, SYNTAX NEGATION, DOI {[}10.1017/CBO9780511519727, DOI 10.1017/CBO9780511519727].
   Hale K., 1993, VIEW BUILDING 20 ESS, V20, P53, DOI DOI 10.7551/MITPRESS/5634.001.0001.
   Hansen MBM, 2009, STUD PRAGMAT, V5, P137.
   Hansen Maj-Britt Mosegaard, 2009, CURRENT TRENDS DIACH, P231, DOI {[}10.1163/9789004253216\_013, DOI 10.1163/9789004253216\_013].
   Harvey Christopher, 2013, NWAV42 PITTSB.
   Herburger Elena., 2001, NATURAL LANGUAGE SEM, V9, P289, DOI 10.1023/A:1014205526722.
   Holmberg A, 1999, STUD LINGUISTICA, V53, P1, DOI 10.1111/1467-9582.00038.
   Howe D, 2005, ASPECTS OF ENGLISH NEGATION, P173.
   Iatridou S, 2011, LINGUIST INQ, V42, P595, DOI 10.1162/LING\_a\_00062.
   Jackendoff R.S., 1972, SEMANTIC INTERPRETAT.
   Jackson Eric, 1995, LINGUISTIC ANAL, V25, P181.
   Jespersen Otto, 1917, NEGATION ENGLISH OTH.
   Kayne R.S., 1998, SYNTAX-UK, V1, P128.
   Kortmann Bernd, 2004, HDB VARIETIES ENGLIS, V2, P1142, DOI DOI 10.1515/9783110175325.2.1142.
   LABOV W, 1972, LANGUAGE, V48, P773, DOI 10.2307/411989.
   Labov W., 1972, LANGUAGE INNER CITY.
   Labov W, 2006, SOCIAL STRATIFICATIO, DOI {[}10.1017/CBO9780511618208, DOI 10.1017/CBO9780511618208].
   Lyons Christopher, 1999, DEFINITENESS, DOI {[}10.1017/CBO9780511605789, DOI 10.1017/CBO9780511605789].
   May Robert, 1977, THESIS.
   Mazzon Gabriella, 2004, HIST ENGLISH NEGATIO.
   Mendez Perez V, 2014, THESIS.
   Meyerhoff Miriam, 2015, DOING SOCIOLINGUISTI, DOI {[}10.4324/9781315723167, DOI 10.4324/9781315723167].
   Nakagawa S, 2013, METHODS ECOL EVOL, V4, P133, DOI 10.1111/j.2041-210x.2012.00261.x.
   Paradis Carita, 2003, MODALITY CONT ENGLIS, P191, DOI DOI 10.1515/9783110895339.191.
   Penka D, 2012, LANG LINGUIST COMPAS, V6, P517, DOI 10.1002/lnc3.349.
   Penka Doris, 2010, NEGATIVE INDEFINITES, DOI {[}10.1093/acprof:oso/9780199567263.001.0001, DOI 10.1093/ACPROF:OSO/9780199567263.001.0001].
   Peters P, 2008, STUD LANG VAR, V2, P147.
   Peters P, 2009, VAR ENGL AR WORLD GS, VG39, P225.
   Pichler Heike, 2011, RES SALFORD ENGLISH.
   Pietsch L, 2005, TOP ENGL LINGUIST, V50-1, P125.
   POLLOCK JY, 1989, LINGUIST INQ, V20, P365.
   Poplack Shana, 2001, AFRICAN AM ENGLISH D.
   Quinn Heidi, 2000, NZ ENGLISH, P173, DOI DOI 10.1075/VEAW.G25.11QUI.
   Quirk R., 1985, COMPREHENSIVE GRAMMA, DOI {[}10.2307/415437, DOI 10.2307/415437].
   R Core Team, 2014, R LANG ENV STAT COMP.
   Rochemont Michael, 1978, THESIS.
   Schwenter SA, 2005, LINGUA, V115, P1427, DOI 10.1016/j.lingua.2004.06.006.
   Schwenter SA, 2006, STUD LANG C, V80, P327.
   Smith Jennifer, 2001, LANG VAR CHANGE, V13, P109, DOI DOI 10.1017/S0954394501132011.
   Smith Jennifer, 2000, ENGL WORLD-WIDE, V21, P231, DOI {[}10.1075/eww.21.2.04smi, DOI 10.1075/EWW.21.2.04SMI].
   Stuart-Smith J, 2007, J SOCIOLING, V11, P221, DOI 10.1111/j.1467-9841.2007.00319.x.
   Stuart-Smith Jane, 2011, SOUNDS CITY CORPUS.
   Svenonius P., 2002, WORKING PAPERS SCAND, V69, P121.
   Szmrecsanyi B, 2016, LANG VAR CHANGE, V28, P1, DOI 10.1017/S0954394515000198.
   Szmrecsanyi Benedikt, 2013, GRAMMATICAL VARIATIO, DOI {[}10.1017/CBO9780511763380, DOI 10.1017/CBO9780511763380].
   Tagliamonte S. A., 2006, ANAL SOCIOLINGUISTIC, DOI {[}10.1017/CBO9780511801624, DOI 10.1017/CBO9780511801624].
   Tieken-Boon van Ostade Ingrid, 1997, AELFRIC NEW YORK TIM, P183.
   TOGNINI-BONELLI E., 2001, CORPUS LINGUISTICS W, DOI {[}10.1075/scl.6, DOI 10.1075/SCL.6].
   TOTTIE G, 1991, TOP ENG LIT, V2, P439.
   Tottie G., 1991, NEGATION ENGLISH SPE.
   Tubau S, 2016, J COMP GER LINGUIST, V19, P143, DOI 10.1007/s10828-016-9079-4.
   Wallage Philip William, 2013, J HIST SYNTAX, V2, P1.
   Wallage P, 2016, LANG COGN MIND, V1, P199, DOI 10.1007/978-3-319-17464-8\_9.
   Wallage Phillip, 2017, NEGATION EARLY ENGLI, DOI {[}10.1017/9781316335185, DOI 10.1017/9781316335185].
   Ward Gregory, 2008, HDB PRAGMATICS, P153, DOI {[}10.1002/9780470756959.ch7, DOI 10.1002/9780470756959.CH7].
   Watanabe A, 2004, LINGUIST INQ, V35, P559, DOI 10.1162/0024389042350497.
   Weiss Helmut, 2002, NORD J LINGUIST, V25, P125, DOI {[}10.1080/033258602321093346, DOI 10.1080/033258602321093346].
   Wilson J, 1998, LANG SOC, V27, P1, DOI 10.1017/S0047404500019709.
   Zeijlstra H, 2011, J COMP GER LINGUIST, V14, P111, DOI 10.1007/s10828-011-9043-2.
   Zeijlstra Hedde, 2004, SENTENTIAL NEGATION.}},
Number-of-Cited-References = {{94}},
Times-Cited = {{1}},
Usage-Count-Last-180-days = {{0}},
Usage-Count-Since-2013 = {{2}},
Journal-ISO = {{Glossa}},
Doc-Delivery-Number = {{GC2PG}},
Unique-ID = {{ISI:000429624500003}},
OA = {{DOAJ Gold, Green Accepted, Green Published}},
DA = {{2021-05-18}},
}

@article{ ISI:000406057600002,
Author = {Clayton, Ian},
Title = {{Preaspiration in Hebrides English}},
Journal = {{JOURNAL OF THE INTERNATIONAL PHONETIC ASSOCIATION}},
Year = {{2017}},
Volume = {{47}},
Number = {{2}},
Pages = {{155-181}},
Month = {{AUG}},
Abstract = {{Preaspirated voiceless stops, a well-documented feature of Scottish
   Gaelic (Ni Chasaide 1985, Clayton 2010, Nance \& Stuart-Smith 2013),
   have also been reported in the English spoken in the Hebrides island
   chain (BorgstrOm 1940, Wells 1982, Shuken 1984). However, a detailed
   description of preaspiration in Hebrides English has previously been
   unavailable. This paper presents the results of a phonetic study of
   preaspirated voiceless stops in Hebrides English, based on the speech of
   24 English-Scottish Gaelic bilinguals from nine regions within the
   Hebrides island chain. The paper describes the effect of linguistic
   features on the duration and frequency of preaspiration, including place
   of articulation, word position, and vowel context. The paper also
   considers the role of social factors, including speakers' geographic
   origin, age, and gender, finding that preaspiration is more frequent
   among women and among older speakers, especially older female speakers
   from Lewis. The paper concludes that preaspiration is likely to be an
   obsolescent feature in Hebrides English, rather than an innovative
   feature as in other varieties of English such as Tyneside or Aberystwyth
   (Docherty \& Foulkes 1999, Foulkes, Docherty \& Watt 2001, Hejna 2015).}},
Publisher = {{CAMBRIDGE UNIV PRESS}},
Address = {{EDINBURGH BLDG, SHAFTESBURY RD, CB2 8RU CAMBRIDGE, ENGLAND}},
Type = {{Article}},
Language = {{English}},
Affiliation = {{Clayton, I (Corresponding Author), Univ Nevada, Dept English, Reno, NV 89557 USA.
   Clayton, Ian, Univ Nevada, Dept English, Reno, NV 89557 USA.}},
DOI = {{10.1017/S002510031700007X}},
ISSN = {{0025-1003}},
EISSN = {{1475-3502}},
Keywords-Plus = {{ASPIRATION}},
Research-Areas = {{Linguistics}},
Web-of-Science-Categories  = {{Linguistics; Language \& Linguistics}},
Author-Email = {{iclayton@unr.edu}},
Funding-Acknowledgement = {{United States National Science FoundationNational Science Foundation
   (NSF) {[}BCS11443818]}},
Funding-Text = {{This research was supported by the United States National Science
   Foundation (award \#BCS11443818, `Experimental and Descriptive
   Investigations of Gaidhlig Initial Consonant Mutation', PI Andrew
   Carnie, co-PIs Diana Archangeli, Michael Hammond, Adam Ussishkin, and
   Natasha Warner). The author would like to thank Muriel Fisher, Andrew
   Carnie, Diana Archangeli, Michael Hammond, Adam Ussishkin, Samuel
   Johnston, Nicholas Kloehn, and Joshua Meyer for their invaluable support
   and assistance, Natasha Warner for her advice on statistical analysis,
   and Valerie Fridland for her feedback on early versions of this paper.
   Great thanks are also due to the speakers who generously contributed
   their time to this study, and to Sabhal Mor Ostaig and the Staffin
   Columba 1400 Center for their hospitality and the use of their
   facilities. Finally, the author extends thanks to Adrian Simpson and to
   the anonymous reviewers for their many helpful suggestions and insights.
   All errors of course remain my own.}},
Cited-References = {{ALVAREZ A, 1970, INT J AM LINGUIST, V36, P83, DOI 10.1086/465101.
   Archangeli D., 2014, P INTERSPEECH, P1683.
   Aschmann Richard P, 1993, PUBLICATIONS LINGUIS.
   Bates D, 2015, J STAT SOFTW, V67, P1, DOI 10.18637/jss.v067.i01.
   Boersma P., 2015, PRAAT DOING PHONETIC.
   Borgstrom Carl, 1940, DIALECTS OUTER HEBRI, V1.
   Borgstrom Carl H. J., 1974, LOCHLANN REV CELTIC, V6, P91.
   Bosch Anna, 2010, EDINBURGH COMPANION, P262.
   Bosch Anna, 2006, P HARVARD CELTIC C, V26, P269.
   Catford J. C., 1977, FUNDAMENTAL PROBLEMS.
   Cho T, 1999, J PHONETICS, V27, P207, DOI 10.1006/jpho.1999.0094.
   Clayton Ian., 2010, THESIS.
   Clayton Ian, 2015, P 18 INT C PHON SCI.
   Clayton Ian, 2016, PREGLOTTALIZATION PR.
   Dochartaigh Cathair, 1994, SURVEY GAELIC DIALEC.
   Docherty Gerard J., 1999, URBAN VOICES, P47.
   Dorian N. C., 1978, E SUTHERLAND GAELIC.
   ENGSTRAND O, 1987, PHONETICA, V44, P103, DOI 10.1159/000261784.
   Foster Mary LeCron, 1969, U CALIFORNIA PUBLICA, V56.
   Foulkes Paul, 2001, U PENNSYLVANIA WORKI, V73, P67.
   Gordeeva Olga, 2007, NONNORMATIVE PREASPI.
   Gordeeva Olga B., 2010, TURBULENT SOUNDS INT, P167.
   Gordon M, 2001, J PHONETICS, V29, P383, DOI 10.1006/jpho.2001.0147.
   Gunnar Hansson, 1999, HIST LINGUISTICS 199, P157.
   Hardcastle W. J., 1973, J PHONETICS, V1, P263.
   Hejna Misa, 2015, THESIS.
   Helgason P, 2008, J PHONETICS, V36, P607, DOI 10.1016/j.wocn.2008.02.003.
   Helgason Petur, 2003, 15 INT C PHON SCI BA, P2517.
   Helgason Petur, 2002, THESIS.
   Holmer NM, 1949, INT J AM LINGUIST, V15, P45, DOI 10.1086/464022.
   Hoskuldur Thrainsson, 1978, NORD J LINGUIST, V1, P3, DOI {[}10.1017/S0332586500000196, DOI 10.1017/S0332586500000196].
   Iosad Pavel, 2015, FOR RES LANG SCOTL U.
   Jan-Olof Svantesson, 2005, PHONOLOGY MONGOLIAN.
   Jarvis Scott., 2008, CROSSLINGUISTIC INFL.
   Jones Mark, 2003, 15 INT C PHON SCI BA, P655.
   Jorgen Pind, 1982, THESIS.
   Kane J, 2013, COMPUT SPEECH LANG, V27, P1028, DOI 10.1016/j.csl.2012.11.002.
   Koenig LL, 2005, J ACOUST SOC AM, V118, P2535, DOI 10.1121/1.2033572.
   Kristjan arnason, 1980, QUANTITY HIST PHONOL.
   Kuehn D. P., 1976, J PHONETICS, V4, P303.
   Ladefoged Peter, 1998, J INT PHON ASSOC, V28, P1, DOI DOI 10.1017/S0025100300006228.
   Ladefoged Peter., 1996, SOUNDS WORLDS LANGUA.
   LISKER L, 1964, WORD, V20, P384, DOI 10.1080/00437956.1964.11659830.
   Lisker Leigh, 1974, SR3738 HASK LAB.
   Lucero JC, 1999, J ACOUST SOC AM, V105, P423, DOI 10.1121/1.424572.
   Maddieson I, 1997, HDB PHONETIC SCI, P619.
   Mairtin Murchu, 1985, ERIU, V36, P195.
   Marstrander Carl, 1932, NORSK TIDSKRIFT SPRO, VV, P314.
   Mary Stevens, 2004, SPEECH PROSODY 2004, p75 .
   Morris Jonathan, 2010, 2 SUMMER SCH SOCIOLI.
   Nance C, 2013, J INT PHON ASSOC, V43, P129, DOI 10.1017/S0025100313000042.
   Ni Chasaide Ailbhe, 1985, THESIS.
   Ni Chasaide Ailbhe, 1984, TOPICS LINGUISTIC PH, P141.
   OBAOILL D, 1980, CELTICA, V13, P79.
   Odlin Terence., 1989, LANGUAGE TRANSFER CR.
   Oftedal M., 1956, LINGUISTIC SURVEY GA.
   Oftedal Magne, 1947, NORSK TIDSSKRIFT SPR, V14, P229.
   PARKER S, 1994, INT J AM LINGUIST, V60, P261, DOI 10.1086/466233.
   PETERSON GE, 1960, J ACOUST SOC AM, V32, P693, DOI 10.1121/1.1908183.
   Petur Helgason, 1999, 14 INT C PHON SCI IC, P1851.
   Pike KL, 1947, INT J AM LINGUIST, V13, P78, DOI 10.1086/463932.
   Pind J, 1998, J ACOUST SOC AM, V103, P2117, DOI 10.1121/1.421357.
   R Core Team, 2014, R LANG ENV STAT COMP.
   Shuken Cynthia, 1985, FOCUS ON SCOTLAND, P145, DOI DOI 10.1075/VEAW.G5.
   Shuken Cynthia, 1984, LANGUAGE BRIT ISLES, P152.
   Silverman D, 2003, J LINGUIST, V39, P575, DOI 10.1017/S002222670300210X.
   Steriade D., 1999, ALTERNATIVES SYLLABL.
   Stevens M., 2007, 16 INT C PHON SCI SA, P429.
   Stevens M M J, 2007, THESIS.
   Stuart-Smith J., 1999, LEEDS STUDIES ENGLIS, V30, P181.
   Stuart-Smith J, 2008, VARIETIES OF ENGLISH 1: THE BRITISH ISLES, P48.
   Sung J.-H., 2015, P 18 INT C PHON SCI.
   Ussishkin Adam, LEXICAL REP IN PRESS.
   vanDommelen Wim A, 1998, P FONETIK 98, P20.
   Voegelin Charles, 1962, INT J AM LINGUISTICS.
   Wells John, 1982, ACCENTS ENGLISH, V2.
   William Jones, 1910, HDB AM INDIAN LANG 1, P735.
   Zita McRobbie-Utasi, 1991, SFU WORKING PAPERS L, V1, P77.}},
Number-of-Cited-References = {{78}},
Times-Cited = {{4}},
Usage-Count-Last-180-days = {{0}},
Usage-Count-Since-2013 = {{4}},
Journal-ISO = {{J. Int. Phon. Assoc.}},
Doc-Delivery-Number = {{FB3QM}},
Unique-ID = {{ISI:000406057600002}},
DA = {{2021-05-18}},
}

@article{ ISI:000402533300105,
Author = {de Lusignan, Simon and Dos Santos, Gael and Correa, Ana and Haguinet,
   Francois and Yonova, Ivelina and Lair, Florence and Byford, Rachel and
   Ferreira, Filipa and Stuttard, Karen and Chan, Tom},
Title = {{Post-authorisation passive enhanced safety surveillance of seasonal
   influenza vaccines: protocol of a pilot study in England}},
Journal = {{BMJ OPEN}},
Year = {{2017}},
Volume = {{7}},
Number = {{5}},
Month = {{MAY}},
Abstract = {{Aim To pilot enhanced safety surveillance of seasonal influenza vaccine
   meeting the European Medicines Agency (EMA) requirement to rapidly
   detect a significant increase in the frequency or severity of adverse
   events of interest (AEIs), which may indicate risk from the new season's
   vaccine.
   Study design A prospective passive enhanced safety surveillance
   combining data collection from adverse drug reaction (ADR) cards with
   automated collection of pseudonymised routinely collected electronic
   health record (EHR) data. This study builds on a feasibility study
   carried out at the start of the 2015/2016 influenza season. We will
   report influenza vaccine exposure and any AEIs reported via ADR card or
   recorded directly into the EHR, from the commencement of influenza
   vaccination and ends as specified by EMA (30 November 2016).
   Setting Ten volunteer English general practices, primarily using the GSK
   influenza vaccines. They had selected this vaccine in advance of the
   study.
   Participants People who receive a seasonal influenza vaccine, in each
   age group defined in EMA interim guidance: 6 months to 5 years, 6-12
   years, 13-17 years, 18-65 years and > 65 years.
   Outcome measures The primary outcome measure is the rate of AEIs
   occurring within 7 days postvaccination, using passive surveillance of
   general practitioner (GP) EHR systems enhanced by a card-based ADR
   reporting system. Extracted data will be presented overall by brand
   (Fluarix Tetra vs others), by age strata and risk groups. The secondary
   outcome measure is the vaccine uptake among the subjects registered in
   the enrolled general practices.
   Ethics and dissemination Ethical approval was granted by the
   Proportionate Review Sub-committee of the North East-Newcastle \& North
   Tyneside 2 on 5 August 2016. The study received approval from the Health
   Research Authority on 1 September 2016. We will produce an interim
   analysis within 8 weeks, and an end-of-study report, which will be
   submitted to peer-reviewed journals.}},
Publisher = {{BMJ PUBLISHING GROUP}},
Address = {{BRITISH MED ASSOC HOUSE, TAVISTOCK SQUARE, LONDON WC1H 9JR, ENGLAND}},
Type = {{Article}},
Language = {{English}},
Affiliation = {{de Lusignan, S (Corresponding Author), Univ Surrey, Dept Clin \& Expt Med, Guildford, Surrey, England.
   de Lusignan, Simon; Correa, Ana; Yonova, Ivelina; Byford, Rachel; Ferreira, Filipa; Chan, Tom, Univ Surrey, Dept Clin \& Expt Med, Guildford, Surrey, England.
   Dos Santos, Gael; Haguinet, Francois; Lair, Florence; Stuttard, Karen, GlaxoSmithKline Vaccines, Rixensart, Belgium.}},
DOI = {{10.1136/bmjopen-2016-015469}},
Article-Number = {{e015469}},
ISSN = {{2044-6055}},
Research-Areas = {{General \& Internal Medicine}},
Web-of-Science-Categories  = {{Medicine, General \& Internal}},
Author-Email = {{s.lusignan@surrey.ac.uk}},
ORCID-Numbers = {{Correa, Ana/0000-0002-0988-061X
   Ferreira, Filipa/0000-0002-7717-8486
   Yonova, Ivelina/0000-0003-4856-3075
   Haguinet, Francois/0000-0003-4989-3738}},
Funding-Acknowledgement = {{GlaxoSmithKline BiologicalsGlaxoSmithKline {[}202056]}},
Funding-Text = {{GlaxoSmithKline Biologicals was the funding source and was involved in
   study design and interpretation, study number 202056.}},
Cited-References = {{{[}Anonymous], 2014, GEN PERS MED SERV.
   {[}Anonymous], 2007, PROMOTING ACCESS PUB.
   {[}Anonymous], 2011, MRC POLICY GUIDANCE.
   Asch DA, 1997, J CLIN EPIDEMIOL, V50, P1129, DOI 10.1016/S0895-4356(97)00126-1.
   Clopper CJ, 1934, BIOMETRIKA, V26, P404, DOI 10.2307/2331986.
   Correa A, 2016, BMJ OPEN, V6, DOI 10.1136/bmjopen-2016-011092.
   de Lusignan S, 2006, FAM PRACT, V23, P253, DOI 10.1093/fampra/cmi106.
   de Lusignan Simon, 2005, Inform Prim Care, V13, P65.
   EUR-lex, EDPS REC EUS OPT DAT.
   European Medicines Agency (EMA), 2014, INT GUID ENH SAF SUR.
   European Medicines Agency (EMA), 2014, EXPL WITHDR NOT GUID.
   GOV.UK, VACC UPT GUID LAT CO.
   Health and Social Care Information Centre (HSCIC), INF GOV TOOLK IGT.
   Kousoulis AA, 2015, BRIT J GEN PRACT, V65, P54, DOI 10.3399/bjgp15X683353.
   National Health Service (NHS), 2015, PSEUD AN DAT POL.
   National Institute for Health Research Clinical Research Network, 2014, GUID NIHR CRN IND CO.
   Public Health England, 2015, FLU PLAN WINT 2015 1.}},
Number-of-Cited-References = {{17}},
Times-Cited = {{8}},
Usage-Count-Last-180-days = {{0}},
Usage-Count-Since-2013 = {{0}},
Journal-ISO = {{BMJ Open}},
Doc-Delivery-Number = {{EW5GI}},
Unique-ID = {{ISI:000402533300105}},
OA = {{DOAJ Gold, Green Published, Green Accepted}},
DA = {{2021-05-18}},
}

@article{ ISI:000395031900001,
Author = {Buchstaller, Isabelle and Krause, Anne and Auer, Anja and Otte, Stefanie},
Title = {{Levelling across the life-span?: Tracing the FACE vowel in panel data
   from the North East of England}},
Journal = {{JOURNAL OF SOCIOLINGUISTICS}},
Year = {{2017}},
Volume = {{21}},
Number = {{1}},
Pages = {{3-33}},
Month = {{FEB}},
Abstract = {{Apparent time analysis has revealed that the Tyneside face vowel is the
   site of two intersecting trends: levelling towards the supra-northern
   monophthong as well as the gradual incursion of the southern standard
   closing diphthong. This article investigates the participation of
   individual speakers across their life-span in these ongoing changes in
   the face vowel. We report on a small-scale panel sample of six speakers
   who were recorded in 1971 and again, 42 years later, in 2013. The
   analysis probes the stability of individual speakers' grammars, relying
   on longitudinal ethnographic analysis in the community as well as
   insights gleaned from sociolinguistic interviews about the speakers'
   socio-demographic trajectory and their presentations of self. The
   article contributes to the growing body of panel research that aims to
   determine the scope and the limits of linguistic malleability across
   speakers' life histories.}},
Publisher = {{WILEY}},
Address = {{111 RIVER ST, HOBOKEN 07030-5774, NJ USA}},
Type = {{Article}},
Language = {{English}},
Affiliation = {{Buchstaller, I (Corresponding Author), Univ Leipzig, Dept English, Beethovenstr 15, D-04107 Leipzig, Germany.
   Buchstaller, Isabelle; Krause, Anne; Auer, Anja; Otte, Stefanie, Univ Leipzig, Leipzig, Germany.}},
DOI = {{10.1111/josl.12227}},
ISSN = {{1360-6441}},
EISSN = {{1467-9841}},
Keywords = {{Language change; change across the life-span; monophthongisation; FACE
   vowel; Northern Englishes; levelling}},
Keywords-Plus = {{LANGUAGE CHANGE; AGE}},
Research-Areas = {{Linguistics}},
Web-of-Science-Categories  = {{Linguistics}},
Author-Email = {{i.buchstaller@uni-leipzig.de}},
Funding-Acknowledgement = {{European Commission CIG grant; Arts and Humanities Research CouncilUK
   Research \& Innovation (UKRI)Arts \& Humanities Research Council (AHRC)
   {[}AH/H037691/1] Funding Source: researchfish}},
Funding-Text = {{We gratefully acknowledge the support of the European Commission CIG
   grant (2013-2017: Diagnostics of linguistic change: Mapping language
   change in real and apparent time). We would like to thank Adam Mearns
   (Newcastle University), who managed to find and re-record the TLS
   speakers after 42 years and whose input has greatly influenced our
   interpretation of the data. The results contained in this article were
   presented at the 7th Northern Englishes Workshop in Edinburgh and we are
   grateful to the audience members for their useful feedback. Finally, we
   thank two anonymous reviewers for their constructive feedback. All
   remaining errors are obviously our own.}},
Cited-References = {{Allen Will, 2006, CREATING DIGITIZING, V2, P16.
   {[}Anonymous], 2015, NEWCASTLE UNCOV 0723.
   Bates D, 2015, J STAT SOFTW, V67, P1, DOI 10.18637/jss.v067.i01.
   Bauer L., 1986, ENGL WORLD-WIDE, V7, P225, DOI DOI 10.1075/EWW.7.2.04BAU.
   Bauer L., 2004, HDB VARIETIES ENGLIS, V1, P580.
   Beal J. C., 1993, REAL ENGLISH GRAMMAR, P187.
   Beal J. C., 2004, HDB VARIETIES ENGLIS, P113.
   Beal J.C., 2009, CURRENT ISSUES LATE, P35.
   Beal JC, 2012, DIALECT ENGL, P1.
   Beal Joan, 2004, LORE LANGUAGE, V17, P33.
   Beal Joan, 2000, LANG LIT, V9, P343, DOI DOI 10.1177/096394700000900403.
   Beal Joan, 2015, RES NO ENGLISHES, P27, DOI DOI 10.1075/VEAW.G55.
   BELL A, 1984, LANG SOC, V13, P145, DOI 10.1017/S004740450001037X.
   Boersma Paul., 2013, PRAAT DOING PHONETIC.
   Bowie David, 2005, U PENNSYLVANIA WORKI, V11.
   Bowie David, 2016, HDB HIST PHONOLOGY, P603.
   Buchstaller I, 2006, J SOCIOLING, V10, P3, DOI 10.1111/j.1360-6441.2006.00315.x.
   Buchstaller I, 2016, J ENGL LINGUIST, V44, P199, DOI 10.1177/0075424216639645.
   Buchstaller I, 2015, LANG SOC, V44, P457, DOI 10.1017/S0047404515000391.
   Buchstaller I, 2013, ENGL LANG LINGUIST, V17, P85, DOI 10.1017/S1360674312000330.
   Buchstaller I, 2009, J SOCIOLING, V13, P291, DOI 10.1111/j.1467-9841.2009.00412.x.
   Buchstaller Isabelle, 2013, J LINGUISTIC GEOGRAP, V1, P96.
   Chambers J.K., 2003, SOCIOLINGUISTIC THEO, V2nd ed..
   De Decker Paul, 2006, U PENNSYLVANIA WORKI, V34, P65.
   Dobson Eric J., 1968, ENGLISH PRONUNCIATIO, V1.
   Dobson Eric John, 1968, ENGLISH PRONUNCIATIO, V2.
   Docherty G., 1999, URBAN VOICES ACCENT, P47.
   Downes W., 1998, LANGUAGE SOC.
   Eckert P, 2008, J SOCIOLING, V12, P453, DOI 10.1111/j.1467-9841.2008.00374.x.
   Eckert Penelope, 2004, LANGUAGE IN THE US, P360, DOI DOI 10.1017/CBO9780511809880.
   Ferragne E, 2010, J INT PHON ASSOC, V40, P1, DOI 10.1017/S0025100309990247.
   Geertz C., 1973, INTERPRETATION CULTU.
   GILES H, 1970, EDUC REV, V22, P211, DOI 10.1080/0013191700220301.
   Gries Stefan Th, 2013, STAT LINGUISTICS R.
   Haddican B, 2013, LANG VAR CHANGE, V25, P371, DOI 10.1017/S0954394513000197.
   Harrington J, 2000, NATURE, V408, P927, DOI 10.1038/35050160.
   Helene Blondeau, 2002, REV QUEBECOISE LINGU, V31, P13, DOI DOI 10.7202/006843AR.
   Hughes Arthur, 2012, ENGLISH ACCENTS DIAL.
   Jansen Sandra, 2013, BUTTERFLIES BIRDS DI, P209.
   Jensen M.M., 2014, THESIS.
   Johnstone Barbara, 2009, IN JAFFE, P3, DOI DOI 10.1109/ISPDC.2009.19.
   Krug Manfred, 2012, ENGLISH HIST LINGUIS, P756.
   Labov W, 2007, LANGUAGE, V83, P344, DOI 10.1353/lan.2007.0082.
   Labov William., 1972, QUANTITATIVE STUDY S.
   Labov William, 2001, STYLE SOCIOLINGUISTI, P85.
   Lenneberg E, 1967, BIOL FDN LANGUAGE.
   MacKenzie L., 2009, U PENNSYLVANIA WORKI, P92.
   MacKenzie Laurel, 2014, NEW WAYS AN VAR 43 C.
   Malcah Yaeger-Dror, 1994, PHONOLOGICAL STRUCTU, P267, DOI DOI 10.1017/CBO9780511659461.
   Mearns Adam, 2015, RES NO ENGLISH, P161.
   Mearns Adam J., 2016, CREATING DIGITIZING, V3, P177.
   Milroy J., 1994, LANG VAR CHANGE, V6, P327, DOI DOI 10.1017/S095439450000171X.
   Milroy J., 1995, NEWCASTLE DURHAM WOR, V3, P187.
   Milroy Lesley, 2000, J LINGUIST ANTHROPOL, V10, P56, DOI DOI 10.1525/jlin.2000.10.1.56.
   Organisation for Economic Co-Operation and Development, 2006, TERR REV NEWC N E UK.
   Prichard H, 2012, U PENNSYLVANIA WORKI, V18, P11.
   Rhodes R., 2012, THESIS.
   Rickford J, 2013, J SOCIOLING, V17, P143, DOI 10.1111/josl.12017.
   Sankoff David, 1978, LINGUISTIC VARIATION, P239.
   Sankoff G., 2004, SOCIOLINGUISTIC VARI, P121.
   Sankoff G, 2007, LANGUAGE, V83, P560, DOI 10.1353/lan.2007.0106.
   Sankoff Gillian, 2006, ENCY LANGUAGE LINGUI, P110, DOI DOI 10.1016/B0-08-044854-2/01479-6.
   Sankoff Gillian, 2006, U PENNSYLVANIA WORKI, V12, P203.
   Sankoff Gillian, 2013, LANGUAGE CHANGE LIFE.
   Sankoff Gillian, 2013, OXFORD HDB SOCIOLING, P261, DOI DOI 10.1093/OXFORDHB/9780199744084.001.0001.
   Sankoff Gillian, 2005, INT HDB SCI LANGUAGE, V2, P1003.
   Schilling-Estes N, 1998, LANG SOC, V27, P53, DOI 10.1017/S0047404598001031.
   Schilling-Estes Natalie, 2008, 25 ANOS LINGUISTICA, V25, P971.
   Starks Donna, 1999, NZ ENGLISH, P53.
   Tomaney John, 2006, NERIP ANN C.
   Vall N, 2007, CITIES DECLINE COMP.
   Veatch Thomas, 1991, THESIS.
   VIERECK Wolfgang, 1966, PHONEMATISCHE ANAL D.
   Waddell Sid, 2009, ROAD BACK HOME NO CH.
   Wagner SE, 2012, LANG LINGUIST COMPAS, V6, P371, DOI 10.1002/lnc3.343.
   Wagner SE, 2012, LANG VAR CHANGE, V24, P179, DOI 10.1017/S0954394512000099.
   Wagner SE, 2011, LANG VAR CHANGE, V23, P275, DOI 10.1017/S0954394511000111.
   Watt D., 2000, LANG VAR CHANGE, V12, P69, DOI DOI 10.1017/S0954394500121040.
   Watt D., 1998, THESIS.
   Watt D., 1999, URBAN VOICES ACCENT, P25.
   Watt Dominic, 2002, J SOCIOLING, V6, P44, DOI DOI 10.1111/1467-9481.00176.
   Watt Dominic, 2003, J INT PHON ASSOC, V33, P267, DOI DOI 10.1017/S0025100303001397.
   Wells J. C., 1982, ACCENTS ENGLISH.
   Yaeger-Dror Malcah, 1996, SOCIAL SCI LANGUAGE, P263, DOI DOI 10.1075/CILT.127.
   Yu Alan C. L., 2013, ORIGINS SOUND CHANGE, P201, DOI {[}10.1093/acprof:oso/9780199573745.003.0010, DOI 10.1093/ACPROF:OSO/9780199573745.003.0010].}},
Number-of-Cited-References = {{85}},
Times-Cited = {{5}},
Usage-Count-Last-180-days = {{0}},
Usage-Count-Since-2013 = {{0}},
Journal-ISO = {{J. Socioling.}},
Doc-Delivery-Number = {{EM0TZ}},
Unique-ID = {{ISI:000395031900001}},
DA = {{2021-05-18}},
}

@article{ ISI:000406750000001,
Author = {Snell, Julia and Andrews, Richard},
Title = {{To what extent does a regional dialect and accent impact on the
   development of reading and writing skills?}},
Journal = {{CAMBRIDGE JOURNAL OF EDUCATION}},
Year = {{2017}},
Volume = {{47}},
Number = {{3}},
Pages = {{297-313}},
Abstract = {{The issue of whether a regional accent and/or dialect impact(s) on the
   development of literacy skills remains current in the UK. For decades
   the issue has dogged debate concerning education outcomes, portable
   skills and employability. This article summarises research on the topic
   using systematic review methodology. A scoping review was undertaken
   with the research question: To what extent does a regional dialect and
   accent impact on the development of reading and writing skills?' The
   review covers research relevant to the teaching of five to 16-year-olds
   in England, but also draws on research within Europe, the USA, Australia
   and the Caribbean. The results suggest that curricula have marginalised
   language variation; that the impact of regional accent and dialect on
   writing is relatively minor; that young people are adept at
   style-shifting between standard and non-standard forms; and that
   inappropriate pedagogical responses to regional variation can have
   detrimental effects on children's educational achievement.}},
Publisher = {{ROUTLEDGE JOURNALS, TAYLOR \& FRANCIS LTD}},
Address = {{2-4 PARK SQUARE, MILTON PARK, ABINGDON OX14 4RN, OXON, ENGLAND}},
Type = {{Article}},
Language = {{English}},
Affiliation = {{Snell, J (Corresponding Author), Univ Leeds, Sch English, Leeds, W Yorkshire, England.
   Snell, Julia, Univ Leeds, Sch English, Leeds, W Yorkshire, England.
   Andrews, Richard, UCL, Inst Educ, London, England.}},
DOI = {{10.1080/0305764X.2016.1159660}},
ISSN = {{0305-764X}},
EISSN = {{1469-3577}},
Keywords = {{Accent; dialect; non-standard dialect; language variation; Standard
   English; literacy; writing}},
Keywords-Plus = {{TYNESIDE DIALECT; BLACK-DIALECT; ENGLISH; RESPONSES; CONFLICT; TEACHERS;
   SCHOOL}},
Research-Areas = {{Education \& Educational Research}},
Web-of-Science-Categories  = {{Education \& Educational Research}},
Author-Email = {{j.snell@leeds.ac.uk}},
ORCID-Numbers = {{Andrews, Richard/0000-0003-0741-7864}},
Funding-Acknowledgement = {{British Broadcasting Corporation at the UCL Institute of Education;
   University of Leeds {[}R01085]}},
Funding-Text = {{This work was supported by the British Broadcasting Corporation at the
   UCL Institute of Education and the University of Leeds {[}grant number
   R01085].}},
Cited-References = {{Andrews R, 2008, CHANG ENGL, V15, P77, DOI 10.1080/13586840701825337.
   Austin S., 2014, THESIS.
   Bauer L., 1999, LANGUAGE MYTHS.
   Beal J.C., 2009, CURRENT ISSUES LATE, P35.
   Biber D., 1999, LONGMAN GRAMMAR SPOK.
   Britton J., 1975, DEV WRITING ABILITIE, P11.
   Carney E., 1998, LANGUAGE MYTHS, P32.
   Carter R., 1997, EXPLORING SPOKEN ENG.
   Carter R., 1990, KNOWLEDGE LANGUAGE C.
   CHESHIRE J, 1982, EDUC REV, V34, P53, DOI 10.1080/0013191820340106.
   Cheshire J., 1989, DIALECT ED SOME EURO, P94.
   Cheshire J., 1999, STANDARD ENGLISH WID, P129.
   Cheshire  J., 1991, LINGUIST EDUC, V3, P225, DOI DOI 10.1016/0898-5898(91)90009-8.
   Cheshire J., 1998, STUDENTS RES CULTURE, P191.
   Cheshire J., 2007, SOCIOLINGUISTIC PEDA, P14.
   Cheshire Jenny, 2005, SOCIOLINGUISTICS INT, V3, P2341.
   Cheshire Jenny, 1982, VARIATION ENGLISH DI.
   Coupland N, 2007, KEY T SOCIOLINGUIST, P1, DOI 10.1017/CBO9780511755064.
   Coupland N., 2000, J SOCIOLING, V4, P622, DOI DOI 10.1111/1467-9481.00133.
   Crinson J., 2004, LANGUAGE ED, V18, P207, DOI {[}10.1080/09500780408666876, DOI 10.1080/09500780408666876].
   Crowley T., 1989, POLITICS DISCOURSE S, DOI {[}10.1007/978-1-349-19958-7, DOI 10.1007/978-1-349-19958-7].
   Crowley T., 1999, STANDARD ENGLISH WID, P271.
   CUNNINGHAM PM, 1977, READ RES QUART, V12, P637.
   Department for Education, 2013, 2014 PRIM NAT CURR E.
   Department for Education, 2013, NAT CURR ENGL FRAM D.
   Department for Education, 2011, FRAM NAT CURR REP EX.
   Edwards V., 1989, ENGLISH CULTURES CUL, P359.
   Edwards V., 1983, LANGUAGE MULTICULTUR.
   EDWARDS VK, 1976, EDUC RES, V18, P83, DOI 10.1080/0013188760180201.
   Fricker M., 2013, DAILY MIRROR.
   Garrett P, 1999, LANG SOC, V28, P321, DOI 10.1017/S0047404599003012.
   Garrett Peter, 2011, STANDARD LANGUAGES L, P57.
   Goodman Y, 2000, LANGUAGE ACTION NEW, P408.
   Harris R., 1995, LIT LANGUAGE COMMUNI, P118.
   Harris R., 1979, CARIBBEAN ENGLISH AD.
   Harris S., 2012, DAILY MAIL.
   HUDSON R, 1995, CHILDRENS USE SPOKEN.
   HUNT BC, 1974, READ RES QUART, V10, P103, DOI 10.2307/747087.
   ILEA Afro-Caribbean Language and Literacy Project in Further Adult Education, 1990, LANGUAGE POWER.
   Ioannidou E, 2009, LANG EDUC-UK, V23, P263, DOI 10.1080/09500780802691744.
   Kirkland DE, 2009, READ RES QUART, V44, P278, DOI 10.1598/RRQ.44.3.3.
   Kress G., 2000, EARLY SPELLING CONV.
   KROLL BM, 1981, EXPLORING SPEAKING W.
   Labov W, 2003, READ RES QUART, V38, P128.
   Leong CK., 1989, READING WRITING INTE, V1, P357, DOI {[}10.1007/BF00386267, DOI 10.1007/BF00386267].
   MILROY J, 1999, STANDARD ENGLISH WID, P16.
   Milroy J., 1993, REAL ENGLISH GRAMMAR.
   Nunes T, 2006, IMPROV LEARN TLRP, P1.
   Nunes T., 2011, APPL LINGUISTICS PRI, P140, DOI {[}10.1017/CBO9780511921605, DOI 10.1017/CBO9780511921605].
   Rampton B, 2006, STUD INTERACT SOCIO, P1, DOI 10.1017/CBO9780511486722.
   Rampton B., 1995, CROSSING LANGUAGE ET.
   RYSTROM RC, 1969, READ RES QUART, V4, P500, DOI 10.2307/747067.
   Shepherd Jessica, 2012, GUARDIAN.
   Snell J, 2015, PALGRAV ADV LANG LIG, P225.
   Snell J, 2013, LANG EDUC-UK, V27, P110, DOI 10.1080/09500782.2012.760584.
   Snell J, 2010, J SOCIOLING, V14, P630, DOI 10.1111/j.1467-9841.2010.00457.x.
   Stannard J., 2007, LIT GAME STORY NAT L.
   Stubbs M., 1980, LANGUAGE LIT SOCIOLI.
   Thomas K., 1998, STUDENTS RES CULTURE, P143.
   TOUGH J, 1977, TALKING LEARNING GUI.
   Trudgill P., 1975, ACCENT DIALECT SCH.
   Trudgill P., 2002, SOCIOLINGUISTIC VARI.
   Trudgill P., 1999, STANDARD ENGLISH WID, P117.
   Tymms P, 2004, BRIT EDUC RES J, V30, P477, DOI 10.1080/0141192042000237194.
   Venezky R. L., 1970, STRUCTURE ENGLISH OR, DOI {[}10.1515/9783110804478, DOI 10.1515/9783110804478].
   Venezky R. L., 1995, SCRIPTS LIT READING, P111, DOI 10.1007/978-94-011-1162-1.
   VENEZKY RL, 1967, READ RES QUART, V2, P75, DOI 10.2307/747031.
   Wells John C., 1982, ACCENTS ENGLISH, DOI {[}10.1017/CBO9780511611759, DOI 10.1017/CBO9780511611759].
   WILLIAMS A, 1989, DIALECT ED SOME EURO, P182.
   Williams A., 2007, LANGUAGE BRIT ISLES, P401, DOI {[}10.1017/CBO9780511620782, DOI 10.1017/CBO9780511620782].
   Williams AR, 1989, THESIS.
   Williams O., 2013, DAILY MAIL.
   WILLIAMSON J, 1990, EDUC STUD, V16, P251, DOI 10.1080/0305569900160304.
   Williamson J, 1997, EDUC STUD, V23, P157, DOI 10.1080/0305569970230201.
   WILLIAMSON J, 1995, EDUC STUD, V21, P3, DOI 10.1080/0305569950210101.
   Williamson J., 1997, LANGUAGE ED, V11, P287, DOI DOI 10.1080/09500789708666734.
   Winch C., 1994, LANGUAGE ED, V8, P157.
   WOLFRAM W, 1970, READ RES QUART, V6, P9, DOI 10.2307/747046.}},
Number-of-Cited-References = {{78}},
Times-Cited = {{0}},
Usage-Count-Last-180-days = {{0}},
Usage-Count-Since-2013 = {{5}},
Journal-ISO = {{Camb. J. Educ}},
Doc-Delivery-Number = {{FC3OZ}},
Unique-ID = {{ISI:000406750000001}},
OA = {{Green Accepted, Green Published}},
DA = {{2021-05-18}},
}

@article{ ISI:000380674300001,
Author = {Jensen, Marie M.},
Title = {{Linking Place and Mind: Localness As a Factor in Socio-Cognitive
   Salience}},
Journal = {{Frontiers in Psychology}},
Year = {{2016}},
Volume = {{7}},
Month = {{JUL 29}},
Abstract = {{This paper investigates the salience of vernacular Tyneside forms on the
   basis of theories of enregisterment and exemplar processing. On one
   level, exemplar theory provides a psycholinguistic account of how the
   link between social value and linguistic features is possible.
   Conversely, integrating the notion of social value into exemplar theory
   extends the value of this originally cognitive theory to social domains.
   It is suggested that the association of social value and particular
   local, linguistic forms may contribute to the salience of these forms
   among local speakers. The empirical work reported here takes the form of
   a questionnaire study, which aims to uncover Tyneside inhabitants'
   awareness of forms as well as their affiliation with the local
   community. Results showed differences in frequency perceptions between
   participants themselves and others which indicate that speakers can
   identify local forms as such, but that the variety is stigmatized. The
   strength of local affiliation correlated with participants' own language
   use and it is suggested that this can be accounted for by employing a
   social personae explanation, where speakers use certain salient forms to
   index local belonging despite overt stigma.}},
Publisher = {{FRONTIERS MEDIA SA}},
Address = {{PO BOX 110, EPFL INNOVATION PARK, BUILDING I, LAUSANNE, 1015,
   SWITZERLAND}},
Type = {{Article}},
Language = {{English}},
Affiliation = {{Jensen, MM (Corresponding Author), Aalborg Univ, Dept Culture \& Global Studies, Aalborg, Denmark.
   Jensen, Marie M., Aalborg Univ, Dept Culture \& Global Studies, Aalborg, Denmark.}},
DOI = {{10.3389/fpsyg.2016.01143}},
ISSN = {{1664-1078}},
Keywords = {{Tyneside English; language variation; social value; socio-cognitive
   salience; exemplar theory; enregisterment}},
Keywords-Plus = {{SOCIAL-LIFE; DIALECT; COMMODIFICATION; ENREGISTERMENT; PERCEPTION;
   PHONOLOGY; CONTEXT}},
Research-Areas = {{Psychology}},
Web-of-Science-Categories  = {{Psychology, Multidisciplinary}},
Author-Email = {{mariemj@cgs.aau.dk}},
ORCID-Numbers = {{Jensen, Marie Moller/0000-0003-2943-6329}},
Funding-Acknowledgement = {{Northumbria University}},
Funding-Text = {{The research reported here was carried out as part of my doctoral thesis
   which was fully funded by Northumbria University. I extend a special
   thank you to my supervisor, Ewa Dabrowska, for her support in matters
   theoretical as well as empirical. I would also like to thank my former
   colleague, Kim Ebensgaard Jensen, for his tireless encouragement in the
   writing of this paper, as well as the two reviewers for their comments.
   Any shortcomings remain my own.}},
Cited-References = {{Agha A, 2003, LANG COMMUN, V23, P231, DOI 10.1016/S0271-5309(03)00012-0.
   Barsalou L.W., 2012, CAMBRIDGE HDB PSYCHO, P239, DOI DOI 10.1017/CBO9781139029377.017.
   Beal J., 2004, HDB VARIETIES ENGLIS, V2, P114, DOI Berlin.
   Beal J., 1999, LORE LANG, V17l, P33.
   Beal J. C., 1993, REAL ENGLISH GRAMMAR, P187.
   Beal JC, 2012, DIALECT ENGL, P1.
   Beal Joan, 2000, LANG LIT, V9, P343, DOI DOI 10.1177/096394700000900403.
   Beal Joan, 2010, INTRO REGIONAL ENGLI.
   Beal JC, 2009, AM SPEECH, V84, P138, DOI 10.1215/00031283-2009-012.
   Beckner C, 2009, LANG LEARN, V59, P1.
   Buchstaller I., 2011, LANGUAGE VARIATION E, VIII, P149, DOI DOI 10.1075/SILV.7.12BUC.
   Buchstaller I, 2013, ENGL LANG LINGUIST, V17, P85, DOI 10.1017/S1360674312000330.
   Burbano-Elizondo Lourdes, 2008, THESIS.
   Bybee Joan, 2001, PHONOLOGY LANGUAGE U.
   Bybee Joan., 2010, LANGUAGE USAGE COGNI.
   Campbell-Kibler K, 2010, LANG VAR CHANGE, V22, P423, DOI 10.1017/S0954394510000177.
   Cowart Wayne, 1997, EXPT SYNTAX APPL OBJ.
   Dancey CP, 2011, STAT MATHS PSYCHOL.
   Drager Katie, 2015, LINGUISTIC VARIATION.
   Foulkes P., 2010, J LAB PHONOLOGY, V1, P5, DOI {[}10.1515/labphon.2010.003, DOI 10.1515/LABPHON.2010.003].
   Foulkes P, 2006, J PHONETICS, V34, P409, DOI 10.1016/j.wocn.2005.08.002.
   Fowler C., 2012, CAMBRIDGE HDB PSYCHO, P3.
   GILES H., 1975, SPEECH STYLE SOCIAL.
   Hay J, 2006, J PHONETICS, V34, P458, DOI 10.1016/j.wocn.2005.10.001.
   Hollmann W, 2006, Z ANGLIST AM, V54, P203.
   Honeybone P, 2013, ENGL WORLD-WIDE, V34, P305, DOI 10.1075/eww.34.3.03hon.
   Hopper P., 2001, FREQUENCY EMERGENCE, P137, DOI DOI 10.1075/TSL.45.08PIE.
   Jensen M. M., 2015, GLOBE, V1, P43, DOI {[}10.5278/ojs.globe.v1i0.698, DOI 10.5278/OJS.GLOBE.V1I0.698].
   Jensen M. M., PERSPECTIVE IN PRESS.
   Jensen Matilde N., 2013, THESIS.
   Johnstone B., 2013, HDB LANGUAGE GLOBALI, P386, DOI {[}10.1002/9781444324068.ch17, DOI 10.1002/9781444324068.CH17].
   Johnstone B., 2006, J ENGL LINGUIST, V34, P77, DOI {[}10.1177/0075 424206290692, DOI 10.1177/0075424206290692].
   Johnstone B, 2008, J SOCIOLING, V12, P5, DOI 10.1111/j.1467-9841.2008.00351.x.
   Johnstone B, 2009, AM SPEECH, V84, P157, DOI 10.1215/00031283-2009-013.
   KERSWILL P, 2002, LANGUAGE CHANGE INTE, P81, DOI DOI 10.1515/9783110892598.81.
   Labov W., 1972, SOCIOLINGUISTIC PATT.
   Labov William., 1994, PRINCIPLES LINGUISTI.
   Mendoza-Denton N, 2007, LAB PHONOLOGY, V9, P443.
   Niedzielski N, 1999, J LANG SOC PSYCHOL, V18, P62, DOI 10.1177/0261927X99018001005.
   Nosofsky RM, 2000, PSYCHON B REV, V7, P375.
   Pallant J., 2010, SPSS SURVIVAL MANUAL.
   Pierrehumbert JB, 2006, J PHONETICS, V34, P516, DOI 10.1016/j.wocn.2006.06.003.
   Pierrehumbert JB, 2003, PROBABILISTIC LINGUISTICS, P177.
   Podesva RJ, 2011, J ENGL LINGUIST, V39, P233, DOI 10.1177/0075424211405161.
   Podesva RJ, 2011, AM SPEECH, V86, P32, DOI 10.1215/00031283-1277501.
   Racz Peter, 2013, TOPICS ENGLISH LINGU.
   Rowe C, 2007, LANG SCI, V29, P360, DOI 10.1016/j.langsci.2006.12.013.
   Schutze CarlsonT., 1996, EMPIRICAL BASE LINGU.
   Silverstein M, 2003, LANG COMMUN, V23, P193, DOI 10.1016/S0271-5309(03)00013-2.
   Trudgill P., 1986, DIALECTS CONTACT.
   Watt Dominic, 2002, J SOCIOLING, V6, P44, DOI DOI 10.1111/1467-9481.00176.}},
Number-of-Cited-References = {{51}},
Times-Cited = {{0}},
Usage-Count-Last-180-days = {{0}},
Usage-Count-Since-2013 = {{5}},
Journal-ISO = {{Front. Psychol.}},
Doc-Delivery-Number = {{DS3HS}},
Unique-ID = {{ISI:000380674300001}},
OA = {{DOAJ Gold, Green Published}},
DA = {{2021-05-18}},
}

@article{ ISI:000392932800002,
Author = {Childs, Claire},
Title = {{Canny good, or quite canny? The semantic-syntactic distribution of canny
   in the North East of England}},
Journal = {{ENGLISH WORLD-WIDE}},
Year = {{2016}},
Volume = {{37}},
Number = {{3}},
Pages = {{238-266}},
Abstract = {{The word canny has long been associated with the dialects of the North
   East of England, most typically in its adjectival sense. However, it has
   four distinct functions (adjective, adverb, intensifier and modifier in
   quantifying expressions), which this paper tracks in a diachronic speech
   corpus. Although the intensifier (e.g. it's canny good) is documented in
   the Survey of English Dialects (Upton, Parry and Widowson 1994), it
   appears in the corpus later than expected with the profile of an
   incoming form. Results from a judgement task corroborate the corpus
   trends and show that people's intuitions about intensifier canny
   correlate with age as well as the semantics and position of the
   following adjective, in such a way that shows the intensifier is not
   fully delexicalised. The present research highlights the value of
   combining production and perception data in establishing how the origins
   of a linguistic item affect its distribution in its new function.}},
Publisher = {{JOHN BENJAMINS PUBLISHING CO}},
Address = {{PO BOX 36224, 1020 ME AMSTERDAM, NETHERLANDS}},
Type = {{Article}},
Language = {{English}},
Affiliation = {{Childs, C (Corresponding Author), Northumbria Univ, Fac Arts Design \& Social Sci, Lipman Bldg, Newcastle Upon Tyne NE1 8ST, Tyne \& Wear, England.
   Childs, Claire, Northumbria Univ, Fac Arts Design \& Social Sci, Lipman Bldg, Newcastle Upon Tyne NE1 8ST, Tyne \& Wear, England.}},
DOI = {{10.1075/eww.37.3.01chi}},
ISSN = {{0172-8865}},
EISSN = {{1569-9730}},
Keywords = {{language change; Tyneside; intensification; grammaticalisation;
   perception; judgement data; function; frequency}},
Keywords-Plus = {{INTENSIFIERS; COOL; COMMODIFICATION; ENREGISTERMENT; WEIRD}},
Research-Areas = {{Linguistics}},
Web-of-Science-Categories  = {{Linguistics; Language \& Linguistics}},
Author-Email = {{claire.childs@northumbria.ac.uk}},
Funding-Acknowledgement = {{Arts and Humanities Research Council during my time at Newcastle
   UniversityUK Research \& Innovation (UKRI)Arts \& Humanities Research
   Council (AHRC)}},
Funding-Text = {{I gratefully acknowledge support from the Arts and Humanities Research
   Council during my time at Newcastle University, where this research was
   completed. I would like to thank Isabelle Buchstaller, Karen Corrigan,
   Heike Pichler, Jennifer Smith, Jennifer Thorburn and Cathleen Waters for
   their feedback at various stages, the DECTE team for granting me use of
   the corpus, and Adam Mearns for additional assistance with the
   materials. Thank you to the audiences at Sociolinguistics Symposium 20
   (Jyvaskyla) and the LVC research groups at Newcastle University and the
   University of Toronto where aspects of this research were presented. I
   am also very grateful to the editor Marianne Hundt and three anonymous
   reviewers for their comments on earlier versions of this paper.}},
Cited-References = {{Allen W, 2007, CREATING AND DIGITIZING LANGUAGE CORPORA VOLUME 2: DIACHRONIC DATABASES, P16.
   Altenberg Bengt, 1991, ENGLISH COMPUTER COR, P127.
   Andersen Robert, 2004, SAGE ENCY SOCIAL SCI, V3, P941.
   Anthony L., 2014, ANTCONC VERSION 3 4.
   ATKINSON J. C., 1868, GLOSSARY CLEVELAND D.
   Barnfield K, 2010, ENGL WORLD-WIDE, V31, P252, DOI 10.1075/eww.31.3.02bar.
   Beal J., 2004, HDB VARIETIES ENGLIS, V2, P114, DOI Berlin.
   Beal JC, 2009, AM SPEECH, V84, P138, DOI 10.1215/00031283-2009-012.
   Bresnan J, 2010, LANGUAGE, V86, P168.
   Buchstaller I., 2011, LANGUAGE VARIATION E, VIII, P149, DOI DOI 10.1075/SILV.7.12BUC.
   Buchstaller I, 2006, ENGL LANG LINGUIST, V10, P345, DOI 10.1017/S136067430600195X.
   Buchstaller I, 2013, ENGL LANG LINGUIST, V17, P85, DOI 10.1017/S1360674312000330.
   Buchstaller I, 2010, LANG VAR CHANGE, V22, P191, DOI 10.1017/S0954394510000098.
   Buchstaller Isabelle, 2011, ANAL VARIATION ENGLI, P30, DOI DOI 10.1017/CBO9780511976360.
   Bybee J., 2007, FREQUENCY USE ORG LA, DOI {[}10.1093/acprof:oso/9780195301571.001.0001, DOI 10.1093/ACPROF:OSO/9780195301571.001.0001].
   Cheshire Jenny, 2005, DIALECT CHANGE CONVE, P135.
   Childs Claire, 2013, CURRENT APPROACHES L, P311.
   Corrigan Karen P., 2010, LINGUISTIC TIME CAPS.
   Corrigan Karen P., 2012, NEW PERSPECTIVES IRI, P1, DOI DOI 10.1075/VEAW.G44.01COR.
   Cukor-Avila P, 2013, BLACKW HBK LINGUIST, P239.
   Dixon R.M.W., 1977, STUD LANG, V1, P19, DOI DOI 10.1075/SL.1.1.04DIX.
   Doetjes J., 2004, HDB FRENCH SEMANTICS, P83.
   Doetjes J, 2007, LINGUA, V117, P685, DOI 10.1016/j.lingua.2006.04.003.
   Doetjes Jenny, 1997, QUANTIFIERS SELECTIO.
   Elmes Simon, 2005, TALKING BRITAIN JOUR.
   Gorman Kyle, 2013, OXFORD HDB SOCIOLING, P214, DOI DOI 10.1093/OXFORDHB/9780199744084.001.0001.
   Griffiths Bill, 2004, DICT N E DIALECT.
   Heeringa S.G., 2010, APPL SURVEY DATA ANA, DOI {[}10.1201/9781420080674, DOI 10.1201/9781420080674].
   Heslop RO, 1892, NORTHUMBERLAND WORDS, V1-2.
   Hoffmann T., 2006, CORPUS LINGUIST LING, V2, P165, DOI {[}10.1515/CLLT.2006.009, DOI 10.1515/CLLT.2006.009].
   Ito R, 2003, LANG SOC, V32, P257, DOI 10.1017/S0047404503322055.
   Jackson H, 1990, GRAMMAR MEANING SEMA.
   Johnson DE, 2009, LANG LINGUIST COMPAS, V3, P359, DOI 10.1111/j.1749-818x.2008.00108.x.
   Johnstone B, 2009, AM SPEECH, V84, P157, DOI 10.1215/00031283-2009-013.
   Labov William, 2006, PRESS, DOI {[}10.1017/CBO9780511618208, DOI 10.1017/CBO9780511618208].
   Llamas, 1999, LEEDS WORKING PAPERS, V7, P95.
   Lorenz Gunter., 2002, NEW REFLECTIONS GRAM, P143.
   Macaulay Ronald., 2006, LANG VAR CHANGE, V18, P267, DOI DOI 10.1017/S0954394506060133.
   Macaulay Ronald., 2002, J SOCIOLING, V6, P398, DOI DOI 10.1111/1467-9481.00194.
   Mendez-Naya B, 2003, ENGL STUD, V84, P372, DOI 10.1076/enst.84.4.372.17388.
   Mollin Sandra, 2014, IRREVERSIBILITY ENGL, DOI {[}10.1075/scl.64, DOI 10.1075/SCL.64].
   Neeleman A, 2004, LINGUIST REV, V21, P1, DOI 10.1515/tlir.2004.001.
   Nevalainen Terttu, 2000, CAMBRIDGE HIST ENGLI, V3, p{[}1476, 332], DOI DOI 10.1017/CHOL9780521264761.
   Office for National Statistics, 2010, STAND OCC CLASS 2010, V3.
   Orton H., 1962, SURVEY ENGLISH DIALE.
   Orton Harold, 1963, SURVEY ENGLISH DIALE, V1.
   Partington Alan., 1993, TEXT TECHNOLOGY HONO, P177, DOI DOI 10.1075/Z.64.12PAR.
   Pearce M, 2011, ENGL TODAY, V27, P3, DOI 10.1017/S0266078411000307.
   Pichler H, 2010, J SOCIOLING, V14, P581, DOI 10.1111/j.1467-9841.2010.00455.x.
   Quirk R., 1985, COMPREHENSIVE GRAMMA.
   Ravindranath Maya, 2011, NEW WAYS AN VAR NWAV.
   Schutze CarlsonT., 1996, EMPIRICAL BASE LINGU.
   Scott M., 2012, WORDSMITH TOOLS VERS.
   Tagliamonte S, 2005, AM SPEECH, V80, P280, DOI 10.1215/00031283-80-3-280.
   Tagliamonte S, 2005, J PRAGMATICS, V37, P1896, DOI 10.1016/j.pragma.2005.02.017.
   Tagliamonte SA, 2008, ENGL LANG LINGUIST, V12, P361, DOI 10.1017/S1360674308002669.
   Upton Clive, 1994, SURVEY ENGLISH DIALE.
   Vanderstoep S. W., 2009, RES METHODS EVERYDAY.
   Wagner E., 2010, CONTINUUM COMPANION, P22.
   Wales Katie, 2010, VARIETIES ENGLISH WR, P61, DOI DOI 10.1075/VEAW.G41.04WAL.
   Wales Katie, 2002, ALTERNATIVE HIST ENG, P45.
   Wright Joseph, 1898, ENGLISH DIALECT DICT, V1.}},
Number-of-Cited-References = {{62}},
Times-Cited = {{1}},
Usage-Count-Last-180-days = {{0}},
Usage-Count-Since-2013 = {{6}},
Journal-ISO = {{Engl. World-Wide}},
Doc-Delivery-Number = {{EJ0WX}},
Unique-ID = {{ISI:000392932800002}},
OA = {{Green Accepted}},
DA = {{2021-05-18}},
}

@article{ ISI:000382252100146,
Author = {Youssef, Elaney and Cooper, Vanessa and Miners, Alec and Llewellyn,
   Carrie and Pollard, Alex and Lagarde, Mylene and Sachikonye, Memory and
   Sabin, Caroline and Foreman, Claire and Perry, Nicky and Nixon, Eileen
   and Fisher, Martin},
Title = {{Understanding HIV-positive patients' preferences for healthcare
   services: a protocol for a discrete choice experiment}},
Journal = {{BMJ OPEN}},
Year = {{2016}},
Volume = {{6}},
Number = {{7}},
Abstract = {{Introduction: While the care of HIV-positive patients, including the
   detection and management of comorbidities, has historically been
   provided in HIV specialist outpatient clinics, recent years have seen a
   greater involvement of non-HIV specialists and general practitioners
   (GPs). The aim of this study is to determine whether patients would
   prefer to see their GP or HIV physician given general symptoms, and to
   understand what aspects of care influence their preferences.
   Methods/analysis: We have developed and piloted a discrete choice
   experiment (DCE) to better understand patients' preferences for care of
   non-HIV-related acute symptoms. The design of the DCE was informed by
   our exploratory research, including the findings of a systematic
   literature review and a qualitative study. Additional questionnaire
   items have been included to measure demographics, service use and
   experience of non-HIV illnesses and quality of life (EQ5D). We plan to
   recruit 1000 patients from 14 HIV clinics across South East England.
   Data will be analysed using random-effects logistic regression and
   latent class analysis. ORs and 95\% CIs will be used to estimate the
   relative importance of each of the attribute levels. Latent class
   analysis will identify whether particular groups of people value the
   service attribute levels differently.
   Ethics/dissemination: Ethical approval for this study was obtained from
   the Newcastle and North Tyneside Research Ethics Committee (reference
   number 14/NE/1193). The results will be disseminated at national and
   international conferences and peer-reviewed publications. A study
   report, written in plain English, will be made available to all
   participants. The Patient Advisory Group will develop a strategy for
   wider dissemination of the findings to patients and the public.}},
Publisher = {{BMJ PUBLISHING GROUP}},
Address = {{BRITISH MED ASSOC HOUSE, TAVISTOCK SQUARE, LONDON WC1H 9JR, ENGLAND}},
Type = {{Article}},
Language = {{English}},
Affiliation = {{Youssef, E (Corresponding Author), Brighton \& Sussex Univ Hosp NHS Trust, Dept HIV GU Res, Brighton, E Sussex, England.
   Youssef, Elaney; Cooper, Vanessa; Nixon, Eileen, Brighton \& Sussex Univ Hosp NHS Trust, Dept HIV GU Res, Brighton, E Sussex, England.
   Miners, Alec; Lagarde, Mylene; Fisher, Martin, London Sch Hyg \& Trop Med, London, England.
   Llewellyn, Carrie; Pollard, Alex; Perry, Nicky; Fisher, Martin, Brighton \& Sussex Med Sch, Dept Primary Care \& Publ Hlth, Brighton, E Sussex, England.
   Sachikonye, Memory, UK Community Advisory Board, London, England.
   Sabin, Caroline, UCL Med Sch, London, England.
   Foreman, Claire, NHS England, London, England.}},
DOI = {{10.1136/bmjopen-2015-008549}},
Article-Number = {{e008549}},
ISSN = {{2044-6055}},
Keywords-Plus = {{INFECTED PATIENTS; DRUG-INTERACTIONS; RATES; PREVALENCE; OUTCOMES;
   MODELS; DEATH; RISK; AIDS}},
Research-Areas = {{General \& Internal Medicine}},
Web-of-Science-Categories  = {{Medicine, General \& Internal}},
Author-Email = {{e.k.youssef@bsms.ac.uk}},
ResearcherID-Numbers = {{Sabin, Caroline/C-2464-2008
   }},
ORCID-Numbers = {{Sabin, Caroline/0000-0001-5173-2760
   Llewellyn, Carrie/0000-0002-9107-8473}},
Funding-Acknowledgement = {{National Institute for Health Research (NIHR)National Institute for
   Health Research (NIHR) {[}PB-PG-0711-25113]; National Institute for
   Health ResearchNational Institute for Health Research (NIHR)
   {[}PB-PG-0711-25113] Funding Source: researchfish}},
Funding-Text = {{This paper summarises independent research funded by the National
   Institute for Health Research (NIHR) under its Research for Patient
   Benefit programme (grant reference number PB-PG-0711-25113). The grant
   is held and managed by the Head of R\&D within Brighton and Sussex
   University Hospitals NHS Trust.}},
Cited-References = {{{[}Anonymous], 2014, NGEN 1 1 2 US MAN RE.
   Bechel D L, 2000, Jt Comm J Qual Improv, V26, P400.
   Benn PD, 2009, INT J STD AIDS, V20, P202, DOI 10.1258/ijsa.2008.008273.
   British HIV Association (BHIVA), BRIEF PAP EXT ROL PR.
   Campbell LJ, 2009, HIV MED, V10, P329, DOI 10.1111/j.1468-1293.2008.00691.x.
   Cazanave C, 2008, AIDS, V22, P395, DOI 10.1097/QAD.0b013e3282f423dd.
   Cooper V, 2015, HIV MED, V16, P74.
   de Bekker-Grob EW, 2012, HEALTH ECON, V21, P145, DOI 10.1002/hec.1697.
   de Silva S, 2011, 17 BHIVA C BOURN.
   {*}DEP HLTH, 2004, IMPR CHRON DIS MAN.
   Evans-Jones JG, 2010, CLIN INFECT DIS, V50, P1419, DOI 10.1086/652149.
   Fremont AM, 2001, J GEN INTERN MED, V16, P800, DOI 10.1046/j.1525-1497.2001.10102.x.
   Goulet JL, 2007, CLIN INFECT DIS, V45, P1593, DOI 10.1086/523577.
   Guaraldi G, 2010, BALT 1 INT WORKSH HI.
   Heaton RK, 2011, J NEUROVIROL, V17, P3, DOI 10.1007/s13365-010-0006-1.
   Hogg R, 2008, LANCET, V372, P293, DOI 10.1016/S0140-6736(08)61113-7.
   Hutchinson J, 2016, INT J STD AIDS, V27, P617, DOI 10.1177/0956462415592801.
   Mapp F, 2015, INT J STD AIDS, V26, P991, DOI 10.1177/0956462415577496.
   Marzolini C, 2010, ANTIVIR THER, V15, P413, DOI 10.3851/IMP1540.
   Mocroft A, 2003, LANCET, V362, P22, DOI 10.1016/S0140-6736(03)13802-0.
   National Health Service, 2014, 5 YEAR FORW VIEW SEC.
   Nkhoma E, 2010, BALT 1 INT WORKSH HI.
   OVERTON ET, 2007, 14 C RETR OPP INF LO.
   Ryan M, 2004, BMJ-BRIT MED J, V328, P360, DOI 10.1136/bmj.328.7436.360.
   Singh GJ, 2011, HIV MED, V12, P51.
   Smith RD, 2010, AIDS, V24, P2109, DOI 10.1097/QAD.0b013e32833c7b9c.
   Sterne JAC, 2005, LANCET, V366, P378, DOI 10.1016/S0140-6736(05)67022-5.
   Triant VA, 2007, J CLIN ENDOCR METAB, V92, P2506, DOI 10.1210/jc.2006-2190.
   Valderas JM, 2009, ANN FAM MED, V7, P357, DOI 10.1370/afm.983.
   WILLIAMS A, 1990, HEALTH POLICY, V16, P199.}},
Number-of-Cited-References = {{30}},
Times-Cited = {{2}},
Usage-Count-Last-180-days = {{0}},
Usage-Count-Since-2013 = {{2}},
Journal-ISO = {{BMJ Open}},
Doc-Delivery-Number = {{DU5LB}},
Unique-ID = {{ISI:000382252100146}},
OA = {{DOAJ Gold, Green Accepted, Green Published}},
DA = {{2021-05-18}},
}

@article{ ISI:000357316000009,
Author = {Fehringer, Carol and Corrigan, Karen},
Title = {{``You've got to sort of eh hoy the Geordie out': modals of obligation
   and necessity in fifty years of Tyneside English}},
Journal = {{ENGLISH LANGUAGE \& LINGUISTICS}},
Year = {{2015}},
Volume = {{19}},
Number = {{2, SI}},
Pages = {{355-381}},
Month = {{JUL}},
Abstract = {{This article examines the use of the semi-modals have to, have got to
   and need to in the Diachronic Electronic Corpus of Tyneside English
   (DECTE), a corpus of spoken Northeastern English dating from the late
   1960s to the present day. It will be shown that the semi-modals have, in
   many contexts, replaced the historically older must as markers of
   obligation and necessity in this variety. Moreover, the two most
   frequent variants in the corpus, have to and have got to, will be
   examined in the light of current theories of grammaticalisation.
   Internal and external constraints, which have been shown in the
   literature on root modality to have played an important role in the
   distribution of variants in other regional varieties of British and
   North American English, will be tested in DECTE. The article will also
   examine the rise of need to in this northeastern variety, as the most
   recent addition to the group of variants marking obligation and
   necessity.}},
Publisher = {{CAMBRIDGE UNIV PRESS}},
Address = {{EDINBURGH BLDG, SHAFTESBURY RD, CB2 8RU CAMBRIDGE, ENGLAND}},
Type = {{Article}},
Language = {{English}},
Affiliation = {{Fehringer, C (Corresponding Author), Newcastle Univ, Sch Modern Languages, Old Lib Bldg, Newcastle Upon Tyne NE1 7RU, Tyne \& Wear, England.
   Fehringer, Carol, Newcastle Univ, Sch Modern Languages, Newcastle Upon Tyne NE1 7RU, Tyne \& Wear, England.
   Corrigan, Karen, Newcastle Univ, Sch English Literature Language \& Linguist, Newcastle Upon Tyne NE1 7RU, Tyne \& Wear, England.}},
DOI = {{10.1017/S1360674315000131}},
ISSN = {{1360-6743}},
EISSN = {{1469-4379}},
Research-Areas = {{Linguistics}},
Web-of-Science-Categories  = {{Linguistics; Language \& Linguistics}},
Author-Email = {{carol.fehringer@ncl.ac.uk
   k.p.corrigan@ncl.ac.uk}},
Funding-Acknowledgement = {{Centre for Research in Linguistics and Language Sciences at Newcastle
   University; Arts and Humanities Research CouncilUK Research \&
   Innovation (UKRI)Arts \& Humanities Research Council (AHRC)
   {[}AH/H037691/1] Funding Source: researchfish}},
Funding-Text = {{We are grateful to the Centre for Research in Linguistics and Language
   Sciences at Newcastle University for an award to assist with the
   completion of this project from their SDF Fund for Research
   Collaboration and Infrastructure. We would also like to thank the two
   anonymous reviewers of the first draft of this paper for their very
   helpful feedback.}},
Cited-References = {{Allen W, 2007, CREATING AND DIGITIZING LANGUAGE CORPORA VOLUME 2: DIACHRONIC DATABASES, P16.
   Beal J., 2004, HDB VARIETIES ENGLIS, V2, P114, DOI Berlin.
   Beal Joan C., 2012, DIALECT ENGL.
   Beal Joan C., 2014, OXFORD HDB CORPUS PH, P517.
   Biber D., 1998, CORPUS LINGUISTICS I.
   Buchstaller Isabelle, RES NO ENGLISH.
   Bybee Joan., 1994, EVOLUTION GRAMMAR TE.
   Close Joanne, 2010, ENGLISH HIST LINGUIS, V1, P165, DOI DOI 10.1075/CILT.314.13CLO.
   Coates J, 1983, SEMANTICS MODAL AUXI.
   Collins P, 2009, LANG COMPUT, V67, P1.
   Corrigan K.P., 2012, DIACHRONIC ELECT COR.
   Corrigan KP, 2014, LINGUAE LITT, V28, P113.
   Corrigan Karen P, 2000, ENGL WORLD-WIDE, V21, P25, DOI {[}10.1075/eww.21.1.03cor, DOI 10.1075/EWW.21.1.03COR].
   Cukor-Avila P, 2013, BLACKW HBK LINGUIST, P239.
   DENISON D, 1993, ENGLISH HIST SYNTAX.
   Denison David, 1998, CAMBRIDGE HIST ENGLI, VIV, P92.
   Dollinger Stefan, 2008, NEW DIALECT FORMATIO.
   Facchinetti R. M., 2003, MODALITY CONT ENGLIS.
   Fehringer Carol, ENGLISH TODAY.
   FISCHER O, 1994, NEOPHILOLOGUS, V78, P137, DOI 10.1007/BF00999959.
   FISCHER OLGA, 1992, CAMBRIDGE HIST ENGLI, V2, P207, DOI DOI 10.1017/CHOL9780521264754.
   Heine Bernd, 1993, AUXILIARIES CONGITIB.
   Hickey Raymond, RES NO ENGLISH.
   Hopper P.J., 2003, GRAMMATICALISATION, V2nd.
   Hopper Paul J., 1991, APPROACHES GRAMMATIC, VI, P17, DOI DOI 10.1075/TSL.19.1.04HOP.
   Jankowski Bridget, 2004, TORONTO WORKING PAPE, V23, P85.
   Johnson DE, 2009, LANG LINGUIST COMPAS, V3, P359, DOI 10.1111/j.1749-818x.2008.00108.x.
   Krug M., 2000, EMERGING ENGLISH MOD.
   Labov William., 2001, PRINCIPLES LINGUISTI.
   Leech G., 2009, CHANGE CONT ENGLISH.
   Mair C., 2006, HDB ENGLISH LINGUIST, P318.
   McDonald Christine, 1981, THESIS NEWCASTLE U.
   MYHILL J, 1995, LINGUISTICS, V33, P157, DOI 10.1515/ling.1995.33.2.157.
   Nokkonen S, 2010, CORPORA, V5, P45, DOI 10.3366/cor.2010.0003.
   Nokkonen Soili, 2006, INT J CORPUS LINGUIS, V11, P29.
   Palmer Frank R., 2001, MOOD MODALITY.
   Sankoff David, 1988, SOCIOLINGUISTICS INT, P899.
   Sankoff David, 2005, GOLDVARB 10.
   Tagliamonte Sali, 2006, DIACHRONICA, V23, P341, DOI DOI 10.1075/DIA.23.2.06TAG.
   Tagliamonte SA, 2010, LANG VAR CHANGE, V22, P149, DOI 10.1017/S0954394510000050.
   Tagliamonte Sali A., 2012, VARIATIONIST SOCIOLO.
   Tagliamonte Sali A., 2004, CORPUS APPROACHES GR, P37.
   Tagliamonte Sali A., 2013, ROOTS ENGLSH EXPLORI.
   Tagliamonte Sali A., 2006, ANAL SOCIOLINGUISTIC.
   Tagliamonte Sali A., 2007, ENGL WORLD-WIDE, V28, P47, DOI {[}10.1075/eww.28.1.04tag, DOI 10.1075/EWW.28.1.04TAG].
   Trousdale Graeme, 2003, ENGL WORLD-WIDE, V24, P271, DOI DOI 10.1075/EWW.24.2.07TRO.
   Visser Fredericus Theodorus, 1969, HIST SYNTAX ENGLISH, V3.
   Warner Anthony, 1993, ENGLISH AUXILIARIES.}},
Number-of-Cited-References = {{48}},
Times-Cited = {{1}},
Usage-Count-Last-180-days = {{0}},
Usage-Count-Since-2013 = {{1}},
Journal-ISO = {{Engl. Lang. Linguist.}},
Doc-Delivery-Number = {{CL9RO}},
Unique-ID = {{ISI:000357316000009}},
DA = {{2021-05-18}},
}

@article{ ISI:000355756700008,
Author = {Fehringer, Carol and Corrigan, Karen P.},
Title = {{``The Geordie accent has a bit of a bad reputation{''}: internal and
   external constraints on stative possession in the Tyneside English of
   the 21st century Has possessive got had its day?}},
Journal = {{ENGLISH TODAY}},
Year = {{2015}},
Volume = {{31}},
Number = {{2}},
Pages = {{38-50}},
Month = {{JUN}},
Publisher = {{CAMBRIDGE UNIV PRESS}},
Address = {{32 AVENUE OF THE AMERICAS, NEW YORK, NY 10013-2473 USA}},
Type = {{Article}},
Language = {{English}},
Affiliation = {{Fehringer, C (Corresponding Author), Newcastle Univ, German Linguist, Newcastle Upon Tyne NE1 7RU, Tyne \& Wear, England.
   Fehringer, Carol, Newcastle Univ, German Linguist, Newcastle Upon Tyne NE1 7RU, Tyne \& Wear, England.
   Corrigan, Karen P., Newcastle Univ, Linguist \& English Language, Newcastle Upon Tyne NE1 7RU, Tyne \& Wear, England.
   Fehringer, Carol, Newcastle Univ, Sch Modern Languages, Newcastle Upon Tyne NE1 7RU, Tyne \& Wear, England.
   Corrigan, Karen P., Newcastle Univ, Sch English Language Literature \& Linguist, Newcastle Upon Tyne NE1 7RU, Tyne \& Wear, England.}},
DOI = {{10.1017/S0266078415000097}},
ISSN = {{0266-0784}},
EISSN = {{1474-0567}},
Research-Areas = {{Linguistics}},
Web-of-Science-Categories  = {{Linguistics; Language \& Linguistics}},
Funding-Acknowledgement = {{Centre for Research in Linguistics and Language Sciences at Newcastle
   University; Arts and Humanities Research CouncilUK Research \&
   Innovation (UKRI)Arts \& Humanities Research Council (AHRC)
   {[}AH/H037691/1] Funding Source: researchfish}},
Funding-Text = {{We are grateful to the Centre for Research in Linguistics and Language
   Sciences at Newcastle University for an award to assist with the
   completion of this project from their SDF Fund for Research
   Collaboration and Infrastructure.}},
Cited-References = {{Allen W, 2007, CREATING AND DIGITIZING LANGUAGE CORPORA VOLUME 2: DIACHRONIC DATABASES, P16.
   Biber D., 1999, LONGMAN GRAMMAR SPOK.
   Corrigan K.P., 2012, DIACHRONIC ELECT COR.
   Crowell Thomas L, 1959, AM SPEECH, V34, P280, DOI 10.2307/453706.
   Cruse Alan, 2006, GLOSSARY SEMANTICS P.
   Hopper Paul J., 1991, APPROACHES GRAMMATIC, VI, P17, DOI DOI 10.1075/TSL.19.1.04HOP.
   Jankowski B., 2005, 12 INT C METH DIAL M.
   JESPERSEN O, 1961, MODERN ENGLISH GRA 4.
   Kroch A, 1989, LANG VAR CHANGE, V1, P199, DOI DOI 10.1017/S0954394500000168.
   Labov W, 2001, PRINCIPLES LINGUISTI, V2.
   Milroy James, 1992, LINGUISTIC VARIATION.
   Nelson G, 2004, WORLD ENGLISH, V23, P299, DOI DOI 10.1111/J.0883-2919.2004.00353.X.
   Noble S., 1985, NWAV 14 GEORG U.
   Quinn Heidi, 2009, HIST SYNTAX LINGUIST, P212.
   Quinn Heidi, 2004, NWAV 33 U MICH.
   Tagliamonte SA, 2010, LANG VAR CHANGE, V22, P149, DOI 10.1017/S0954394510000050.
   Tagliamonte Sali A., 2013, ROOTS ENGLISH EXPLOR.
   Tagliamonte Sali A., 2003, DETERMINANTS GRAMMAT, P531, DOI DOI 10.1515/9783110900019.
   Visser F., 1963, HIST SYNTAX ENGLISH.
   Yoshizumi Y., 2008, NWAV 37 RIC U HOUST.}},
Number-of-Cited-References = {{20}},
Times-Cited = {{0}},
Usage-Count-Last-180-days = {{0}},
Usage-Count-Since-2013 = {{1}},
Journal-ISO = {{Engl. Today}},
Doc-Delivery-Number = {{CJ8MR}},
Unique-ID = {{ISI:000355756700008}},
DA = {{2021-05-18}},
}

@article{ ISI:000358176600003,
Author = {Fehringer, Carol and Corrigan, Karen},
Title = {{The rise of the going to future in Tyneside English Evidence for further
   grammaticalisation}},
Journal = {{ENGLISH WORLD-WIDE}},
Year = {{2015}},
Volume = {{36}},
Number = {{2}},
Pages = {{198-227}},
Abstract = {{This paper investigates the relative frequencies of the two major
   syntactic markers of future time expression (FTE), be going to and will
   in the Diachronic Electronic Corpus of Tyneside English (DECTE). In
   particular, the rise in the frequency of be going to will be examined in
   the light of current theories of grammaticalisation. The various
   grammatical constraints that have been identified in the literature as
   determining the distribution of will versus be going to will be
   investigated. It will be shown that a number of interesting changes have
   occurred within the fifty-year period covered by the data-set. In
   specific areas of grammar, contrasts have been maintained (e.g. first
   person versus the other persons in the favouring of will), strengthened
   (e.g. subordinate clauses versus main clauses in the favouring of going
   to), weakened (e.g. the dominance of will in contexts of distal future
   reference) or even introduced (e.g. the apodoses of if-clauses emerging
   as a syntactic niche for the favouring of will).}},
Publisher = {{JOHN BENJAMINS PUBLISHING CO}},
Address = {{PO BOX 36224, 1020 ME AMSTERDAM, NETHERLANDS}},
Type = {{Article}},
Language = {{English}},
Affiliation = {{Fehringer, C (Corresponding Author), Newcastle Univ, Ctr Res Linguist \& Language Sci, Newcastle Upon Tyne NE1 7RU, Tyne \& Wear, England.
   Fehringer, Carol; Corrigan, Karen, Newcastle Univ, Ctr Res Linguist \& Language Sci, Newcastle Upon Tyne NE1 7RU, Tyne \& Wear, England.}},
DOI = {{10.1075/eww.36.2.03feh}},
ISSN = {{0172-8865}},
EISSN = {{1569-9730}},
Keywords = {{future; grammaticalisation; variation; English; Tyneside; diachronic;
   frequency}},
Research-Areas = {{Linguistics}},
Web-of-Science-Categories  = {{Linguistics; Language \& Linguistics}},
Author-Email = {{carol.fehringer@newcastle.ac.uk
   k.p.corrigan@ncl.ac.uk}},
Funding-Acknowledgement = {{Centre for Research in Linguistics and Language Sciences at Newcastle
   University; SDF Fund for Research Collaboration and Infrastructure; Arts
   and Humanities Research CouncilUK Research \& Innovation (UKRI)Arts \&
   Humanities Research Council (AHRC) {[}AH/H037691/1] Funding Source:
   researchfish}},
Funding-Text = {{We are grateful to the Centre for Research in Linguistics and Language
   Sciences at Newcastle University for an award to assist with the
   completion of this project from their SDF Fund for Research
   Collaboration and Infrastructure. We would like to express our thanks to
   Claire Childs for research assistance with the statistical analyses, and
   we are also grateful to the two anonymous reviewers of the first draft
   of this paper for their very helpful feedback.}},
Cited-References = {{Allen W, 2007, CREATING AND DIGITIZING LANGUAGE CORPORA VOLUME 2: DIACHRONIC DATABASES, P16.
   Beal J. C., 1993, REAL ENGLISH GRAMMAR, P187.
   Beal JC, 2005, ASPECTS OF ENGLISH NEGATION, P139.
   BERGLUND Y, 1997, ICAME J, V21, P7.
   BERGLUND Y, 2000, ICAME J, V24, P25.
   Bybee J., 1991, APPROACHES GRAMMATIC, P17, DOI DOI 10.1075/TSL.19.2.04BYB.
   Bybee Joan., 1994, EVOLUTION GRAMMAR TE.
   Cacoullos RT, 2009, LANGUAGE, V85, P321.
   Corrigan K.P., 2012, DIACHRONIC ELECT COR.
   Corrigan KP, 2014, LINGUAE LITT, V28, P113.
   Danchev A., 1994, STUDIES EARLY MODERN, P59.
   Denison David, 1998, CAMBRIDGE HIST ENGLI, VIV, P92.
   Dollinger Stefan, 2008, NEW DIALECT FORMATIO, DOI {[}10.1075/slcs.97, DOI 10.1075/SLCS.97].
   FISCHER OLGA, 1992, CAMBRIDGE HIST ENGLI, V2, P207, DOI DOI 10.1017/CHOL9780521264754.
   Gotti Maurizio, 2003, MODALITY CONT ENGLIS, P267.
   Harris J., 1993, REAL ENGLISH GRAMMAR, P139.
   Hopper P. J., 1993, GRAMMATICALIZATION.
   Hopper Paul J., 1991, APPROACHES GRAMMATIC, VI, P17, DOI DOI 10.1075/TSL.19.1.04HOP.
   Johnson DE, 2009, LANG LINGUIST COMPAS, V3, P359, DOI 10.1111/j.1749-818x.2008.00108.x.
   Krug Manfred, 2000, EMERGING ENGLISH MOD, DOI {[}10.1515/9783110820980, DOI 10.1515/9783110820980].
   Leech G., 2003, MODALITY CONT ENGLIS, P223.
   Leech Geoffrey, 2009, CHANGE CONT ENGLISH, DOI {[}10.1017/CBO9780511642210, DOI 10.1017/CBO9780511642210].
   Mair C., 2006, 20 CENTURY ENGLISH H, DOI {[}10.1017/CBO9780511486951, DOI 10.1017/CBO9780511486951].
   Mair C., 2006, HDB ENGLISH LINGUIST, P318.
   Mair Christian, 1997, LANGUAGE HIST LINGUI, P1537, DOI DOI 10.1515/9783110820751.
   McDonald Christine, 1981, THESIS NEWCASTLE U.
   Miller Jim, 1993, REAL ENGLISH GRAMMAR, P99.
   MYHILL J, 1995, LINGUISTICS, V33, P157, DOI 10.1515/ling.1995.33.2.157.
   Nesselhauf N, 2012, J HIST LINGUIST, V2, P83, DOI 10.1075/jhl.2.1.06nes.
   Nesselhauf N, 2010, ENGL LANG LINGUIST, V14, P163, DOI 10.1017/S1360674310000043.
   Nesselhauf Nadja, 2014, LATE MODERN ENGLISH, P77, DOI {[}10.1017/CBO9781139507226.007, DOI 10.1017/CBO9781139507226.007].
   Nicolle S, 1997, J LINGUIST, V33, P355, DOI 10.1017/S0022226797006567.
   POPLACK S, 1999, LANG VAR CHANGE, V11, P315.
   Quirk R., 1985, COMPREHENSIVE GRAMMA.
   Royster Jane F., 1923, MANLY ANNIVERSARY ST, P394.
   Sankoff D., 2005, GOLDVARB X.
   Sankoff David, 1988, SOCIOLINGUISTICS INT, P899.
   Szmrecsanyi B, 2003, J ENGL LINGUIST, V31, P295.
   Tagliamonte Sali., 2012, VARIATIONIST SOCIOLI.
   Tagliamonte Sali A., 2013, ROOTS ENGLISH EXPLOR.
   Trousdale Graeme, 2003, MODALITY CONT ENGLIS, P373.
   Warner Anthony R., 1993, ENGLISH AUXILIARIES, DOI {[}10.1017/CBO9780511752995, DOI 10.1017/CBO9780511752995].}},
Number-of-Cited-References = {{42}},
Times-Cited = {{2}},
Usage-Count-Last-180-days = {{0}},
Usage-Count-Since-2013 = {{3}},
Journal-ISO = {{Engl. World-Wide}},
Doc-Delivery-Number = {{CN1JU}},
Unique-ID = {{ISI:000358176600003}},
DA = {{2021-05-18}},
}

@inproceedings{ ISI:000416508400009,
Author = {Hancil, Sylvie},
Editor = {{Hancil, S and Haselow, A and Post, M}},
Title = {{Grammaticalization of final but: from conjunction to final particle}},
Booktitle = {{FINAL PARTICLES}},
Series = {{Trends in Linguistics-Studies and Monographs}},
Year = {{2015}},
Volume = {{284}},
Pages = {{197-217}},
Note = {{International Conference on Final Particles, Rouen, FRANCE, MAY 27-28,
   2010}},
Abstract = {{This paper is a synchronic analysis of final but in the spoken parts of
   the British National Corpus (BNC) and the Newcastle Electronic Corpus of
   Tyneside English (NECTE). It studies the grammaticalization process of
   final but in the light of the five principles proposed in Hopper (1991):
   divergence, layering, specialization, persistence and decategorization.
   This is complemented by the examination of the semantic evolution of
   but, using the four pragmatic-semantic regularities illustrated in
   Traugott and Dasher (2002): truth-conditional > non-truth-conditional;
   content > procedural; scope within proposition > scope over proposition
   > scope over discourse; non-subjective > subjective > intersubjective.
   In particular, it is shown that the various meanings associated with the
   final particle but have an interactional function in the BNC, showing
   the implicit participation of the interlocutor, whereas in the NECTE
   corpus they have an interactive function, explicitly involving the
   participation of the interlocutor. It is demonstrated that final but is
   an instance of pragmaticization in Southern English whereas it is a
   matter of grammaticalization in Newcastle English. Sociolinguistic
   criteria (sex, age, socio-economic class, region) are also considered to
   identify the distribution of final but in Britain. The semantic
   behaviour of the final particle but is then accounted for in terms of
   Brown \& Levinson's theory of politeness.}},
Publisher = {{WALTER DE GRUYTER GMBH}},
Address = {{GENTHINER STRASSE 13, D-10785 BERLIN, GERMANY}},
Type = {{Proceedings Paper}},
Language = {{English}},
Affiliation = {{Hancil, S (Corresponding Author), Univ Rouen, Mont St Aignan, France.
   Hancil, Sylvie, Univ Rouen, Mont St Aignan, France.}},
ISSN = {{1861-4302}},
ISBN = {{978-3-11-037557-2; 978-3-11-035380-8}},
Keywords = {{final particle; conjunction; discourse marker; grammaticalization;
   pragmaticalization}},
Keywords-Plus = {{DISCOURSE MARKERS; MODAL PARTICLES}},
Research-Areas = {{Linguistics}},
Web-of-Science-Categories  = {{Linguistics; Language \& Linguistics}},
Cited-References = {{Abraham Werner, 1991, DISCOURSE PARTICLES, P220.
   Atkinson J. Max, 1984, STRUCTURES SOCIAL AC, P57, DOI DOI 10.1017/CBO9780511665868.008.
   Beeching Kate, PRAGMATICS NEW SERIE, V104.
   Brown P., 1987, POLITENESS SOME UNIV.
   Cole Peter, 1975, SYNTAX SEMANTICS, P41, DOI {[}DOI 10.1111/J.1365-2664.2006.01229.X, 10.1163/9789004368811\_003].
   Ford Cecilia, 1996, INTERACTION GRAMMAR, V13, P134, DOI DOI 10.1017/CBO9780511620874.003.
   Gussenhoven C., 2004, PHONOLOGY TONE INTON.
   Haegeman Liliane, 1991, ASPECTS MODERN ENGLI, P232.
   Haselow A, 2012, LANG COMMUN, V32, P182, DOI 10.1016/j.langcom.2012.04.008.
   Hopper Paul J., 1987, P 13 ANN M BERK LING, V13, P139, DOI DOI 10.3765/BLS.V13I0.1834.
   Hopper Paul J., 1991, APPROACHES GRAMMATIC, VI, P17, DOI DOI 10.1075/TSL.19.1.04HOP.
   Kerbrat-Orecchioni Catherine, 1997, PRAGMATICS, V7, P1, DOI DOI 10.1075/PRAG.7.1.01KER.
   Mulder J, 2008, TYPOL ST L, V80, P179.
   Mulder Jean, 2009, COMP STUDIES AUSTR N, P337, DOI {[}10.1075/veaw.g39.19mul, DOI 10.1075/VEAW.G39.19MUL].
   Roberts Ian., 1995, CLAUSE STRUCTURE LAN, P140.
   Strauss S, 2009, J PRAGMATICS, V41, P1287, DOI 10.1016/j.pragma.2009.02.006.
   Traugott E. C., 2002, REGULARITY SEMANTIC.
   Traugott E. C., 2010, VARIATION CHANGE ENG, P11, DOI DOI 10.1515/9783110220339.1.11.
   Traugott EC, 2007, CATALAN J LINGUIST, V6, P139.
   Waltereit R, 2007, CATALAN J LINGUIST, V6, P61.
   Waltereit Richard, 2012, GRAMMATICALIZATION L, P51, DOI DOI 10.1075/SLCS.130.03WAL.}},
Number-of-Cited-References = {{21}},
Times-Cited = {{2}},
Usage-Count-Last-180-days = {{0}},
Usage-Count-Since-2013 = {{0}},
Doc-Delivery-Number = {{BI9WM}},
Unique-ID = {{ISI:000416508400009}},
DA = {{2021-05-18}},
}

@article{ ISI:000346130600005,
Author = {Nance, Claire},
Title = {{Urban North-Eastern English: Tyneside to Teesside.}},
Journal = {{ENGLISH WORLD-WIDE}},
Year = {{2014}},
Volume = {{35}},
Number = {{2}},
Pages = {{230-233}},
Publisher = {{JOHN BENJAMINS PUBLISHING COMPANY}},
Address = {{PO BOX 36224, 1020 ME AMSTERDAM, NETHERLANDS}},
Type = {{Book Review}},
Language = {{English}},
Affiliation = {{Nance, C (Corresponding Author), Univ Lancaster, Dept Linguist \& English Language, Lancaster LA1 4YL, England.
   Nance, Claire, Univ Lancaster, Dept Linguist \& English Language, Lancaster LA1 4YL, England.}},
DOI = {{10.1075/eww.35.2.06nan}},
ISSN = {{0172-8865}},
EISSN = {{1569-9730}},
Research-Areas = {{Linguistics}},
Web-of-Science-Categories  = {{Linguistics; Language \& Linguistics}},
Author-Email = {{c.nance@lancaster.ac.uk}},
Cited-References = {{Barnfield K, 2010, ENGL WORLD-WIDE, V31, P252, DOI 10.1075/eww.31.3.02bar.
   Beal JC, 2012, DIALECT ENGL, P1.
   Beal Joan, 2010, SOC S U SOUTHA, V18.
   Docherty G., 1999, URBAN VOICES ACCENT, P47.
   Montgomery Chris, 2006, THESIS U SHEFFIELD.
   Moore Emma, 2011, LANG VAR EUR PERSP 3, P97.
   Watt Dominic, 2003, J INT PHON ASSOC, V33, P267, DOI DOI 10.1017/S0025100303001397.}},
Number-of-Cited-References = {{7}},
Times-Cited = {{0}},
Usage-Count-Last-180-days = {{0}},
Usage-Count-Since-2013 = {{3}},
Journal-ISO = {{Engl. World-Wide}},
Doc-Delivery-Number = {{AW2PL}},
Unique-ID = {{ISI:000346130600005}},
DA = {{2021-05-18}},
}

@article{ ISI:000320572900013,
Author = {Jansen, Sandra},
Title = {{Urban North-Eastern English: Tyneside to Teesside (Dialects of English)}},
Journal = {{ENGLISH STUDIES}},
Year = {{2013}},
Volume = {{94}},
Number = {{4}},
Pages = {{497-498}},
Month = {{JUN 1}},
Publisher = {{ROUTLEDGE JOURNALS, TAYLOR \& FRANCIS LTD}},
Address = {{2-4 PARK SQUARE, MILTON PARK, ABINGDON OX14 4RN, OXON, ENGLAND}},
Type = {{Book Review}},
Language = {{English}},
DOI = {{10.1080/0013838X.2013.780855}},
ISSN = {{0013-838X}},
EISSN = {{1744-4217}},
Research-Areas = {{Literature}},
Web-of-Science-Categories  = {{Literature}},
Author-Email = {{s.jansen@brighton.ac.uk}},
ResearcherID-Numbers = {{Jansen, Sandra/AAE-6963-2021}},
Cited-References = {{Beal JC, 2012, DIALECT ENGL, P1.}},
Number-of-Cited-References = {{1}},
Times-Cited = {{0}},
Usage-Count-Last-180-days = {{0}},
Usage-Count-Since-2013 = {{3}},
Journal-ISO = {{Engl. Stud.}},
Doc-Delivery-Number = {{166QT}},
Unique-ID = {{ISI:000320572900013}},
DA = {{2021-05-18}},
}

@inproceedings{ ISI:000320623100008,
Author = {de Lopez, Kathrin Luckmann},
Editor = {{Andersen, G and Bech, K}},
Title = {{Clause-final man in Tyneside English}},
Booktitle = {{ENGLISH CORPUS LINGUISTICS: VARIATION IN TIME, SPACE AND GENRE}},
Series = {{Language and Computers}},
Year = {{2013}},
Number = {{77}},
Pages = {{139-162}},
Note = {{32nd Conference of the International Computer Archive of Modern and
   Medieval English (ICAME 32), Oslo Sentrum, NORWAY, JUN 01-05, 2011}},
Organization = {{Univ Oslo; Norwegian Sch Econ \& Business Adm; Uni Res AS; Univ Oslo,
   Dept Literature Area Studies \& European Languages; Res Council Norway;
   Stig Johansson; NHH 2011 75ar; Univ Bergen; John Benjamins Publishing
   Co; continuum}},
Abstract = {{This paper addresses i) the categorization of man as a vocative, ii) its
   pragmatic functions and iii) its `macro function' of indexing regional
   identity in Tyneside English. The results provide evidence that Tyneside
   man, in contrast to other vocatives, fulfils predominantly textual and
   interpersonal functions, challenging previous definitions of vocatives.
   In the data, man is restricted in its syntactic mobility, only occurring
   in the final position; it is highly frequent and mainly occurs within
   intonation patterns closely associated with Tyneside English. The
   vocative can be used by men and women to address individuals of either
   sex or (mixed or same-sex) groups. It can express working-class
   solidarity and `Geordieness'.}},
Publisher = {{EDITIONS RODOPI B V}},
Address = {{TIJNMUIDEN 7, 1046 AK AMSTERDAM, NETHERLANDS}},
Type = {{Proceedings Paper}},
Language = {{English}},
Affiliation = {{de Lopez, Kathrin Luckmann, Univ Duisburg Essen, Duisburg, Germany.}},
ISSN = {{0921-5034}},
ISBN = {{978-90-420-3679-6}},
Research-Areas = {{Linguistics}},
Web-of-Science-Categories  = {{Language \& Linguistics}},
Cited-References = {{Aijmer K., 2002, ENGLISH DISCOURSE PA.
   Alba-Juez Laura, 2009, LITTLE WORDS, p171e183.
   {[}Anonymous], 2006, MAIL ONLINE     0817, P17.
   Bamford R., 1983, WIEDERSEHEN PET.
   Beal J.C., 1999, LORE LANGUAGE, V17, P33.
   Beal JC, 2012, DIALECT ENGL, P1.
   Beal J, 2008, VARIETIES OF ENGLISH 1: THE BRITISH ISLES, P373.
   Biber D., 1999, LONGMAN GRAMMAR SPOK.
   Billen A., 2002, NEW STATESMAN, P46.
   Brinton L.J., 2006, HDB HIST ENGLISH PP, P307.
   Brinton LaurelJ., 1996, PRAGMATIC MARKERS EN.
   Busse B., 2006, VOCATIVE CONSTRUCTIO.
   Carter R., 2006, CAMBRIDGE GRAMMAR EN.
   Colls R., 2004, NO REV J REGIONAL CU, V14, P114.
   Coupland N, 2007, KEY T SOCIOLINGUIST, P1, DOI 10.1017/CBO9780511755064.
   Cruttenden Alan, 1994, STUDIES GEN ENGLISH, P155.
   Culpeper J, 1996, J PRAGMATICS, V25, P349, DOI 10.1016/0378-2166(95)00014-3.
   Dobson S., 1986, LARN YERSEL GEORDIE.
   Donald Simon, 2006, GUARDIAN.
   Dunkling Leslie, 1990, DICT EPITHETS TERMS.
   Enfield H., 1988, FRIDAY NIGHT LIVE CH.
   Fleischman S., 2004, DISCOURSE LANGUAGES, P129, DOI DOI 10.1075/SLCS.68.08FLE.
   Fought C, 2006, KEY T SOCIOLINGUIST, P1, DOI 10.1017/CBO9780511791215.
   Fraser B, 1999, J PRAGMATICS, V31, P931, DOI 10.1016/S0378-2166(98)00101-5.
   Fraser Bruce, 1996, PRAGMATICS, V6, P167, DOI DOI 10.1075/PRAG.6.2.03FRA.
   HOLMES J, 1986, LANG SOC, V15, P1, DOI 10.1017/S0047404500011623.
   Kerswill P., 2002, LANGUAGE CHANGE INTE, P81, DOI DOI 10.1515/9783110892598.81.
   Kiesling SF, 2004, AM SPEECH, V79, P281, DOI 10.1215/00031283-79-3-281.
   Klemola J., 1999, DIALECTAL VARIATION, P17.
   Kuiper K., 1994, ENGLISH WORLD SOCIOL, P200.
   Labov W., 1972, SOCIOLINGUISTIC PATT.
   Leech Geoffrey, 1999, OUT CORPORA STUDIES, P107.
   LOCAL J, 1986, INTONATION DISCOURSE, P181.
   Maconie S., 2007, PIES PREJUDICE SEARC.
   Pellowe John, 1978, SOCIOLINGUISTIC PATT, P101.
   Quaglio P, 2009, STUD CORPUS LINGUIST, V36, P1.
   Rowe C, 2007, LANG SCI, V29, P360, DOI 10.1016/j.langsci.2006.12.013.
   Scannell P., 1996, RADIO TELEVISION MOD.
   SWERTS M, 1994, LANG SPEECH, V37, P21, DOI 10.1177/002383099403700102.
   Tagliamonte S, 2005, AM SPEECH, V80, P280, DOI 10.1215/00031283-80-3-280.
   Templeton Guy, 2011, GEORDIE SHORE.
   Trudgill P., 1986, DIALECTS CONTACT.
   WALES K, 2006, NO ENGLISH.
   Watt D., 1999, URBAN VOICES ACCENT, P25.
   Wells John, 1982, ACCENTS ENGLISH, V2.
   Wells John, 2006, ENGLISH INTONATION.
   WILLIAMSON J, 1990, EDUC STUD, V16, P251, DOI 10.1080/0305569900160304.
   Wright Joseph, 1898, ENGLISH DIALECT DICT.
   Younger P.L., 1992, GEORDIES ROOTS REGIO, P169.}},
Number-of-Cited-References = {{49}},
Times-Cited = {{2}},
Usage-Count-Last-180-days = {{0}},
Usage-Count-Since-2013 = {{0}},
Doc-Delivery-Number = {{BFN48}},
Unique-ID = {{ISI:000320623100008}},
DA = {{2021-05-18}},
}

@article{ ISI:000281815800005,
Author = {Nettle, Daniel and Cockerill, Maria},
Title = {{Development of Social Variation in Reproductive Schedules: A Study from
   an English Urban Area}},
Journal = {{PLOS ONE}},
Year = {{2010}},
Volume = {{5}},
Number = {{9}},
Month = {{SEP 15}},
Abstract = {{Background: There is striking social variation in the timing of the
   onset of childbearing in contemporary England, with the mean age at
   first motherhood about 8 years earlier in the most deprived compared to
   the least deprived neighbourhoods. However, relatively little is known
   about how these social differences in reproductive schedule develop in
   childhood.
   Methodology/Principal Findings: We studied the development of
   differences in reproductive schedules, using a cross-sectional survey
   over 1000 school students aged 9-15 in the metropolitan borough of North
   Tyneside. Students from more deprived neighbourhoods had earlier ideal
   ages for parenthood than those from more affluent ones, and these
   differences were fully apparent by age 11. We found evidence consistent
   with three mechanisms playing a role in maintaining the socioeconomic
   gradient. These were: vertical intergenerational transmission (students
   whose own parents were younger at their birth wanted children younger);
   oblique intergenerational transmission (students in neighbourhoods where
   parents were younger in general wanted children earlier); and low
   parental investment (students who did not feel emotionally supported by
   their own parents wanted children at a younger age).
   Conclusions/Significance: Our results shed some light on the proximate
   factors which may be involved in maintaining early childbearing in
   disadvantaged communities. They help understand why educational
   initiatives aimed at adolescents tend to have no effect, whereas
   improving the well-being of poor families with young children may do so.
   Our results also suggest that there will be considerable
   intergenerational inertia in the response of reproductive schedules to
   changing socioecological conditions.}},
Publisher = {{PUBLIC LIBRARY SCIENCE}},
Address = {{1160 BATTERY STREET, STE 100, SAN FRANCISCO, CA 94111 USA}},
Type = {{Article}},
Language = {{English}},
Affiliation = {{Nettle, D (Corresponding Author), Newcastle Univ, Inst Neurosci, Ctr Behav \& Evolut, Newcastle Upon Tyne NE1 7RU, Tyne \& Wear, England.
   Nettle, Daniel, Newcastle Univ, Inst Neurosci, Ctr Behav \& Evolut, Newcastle Upon Tyne NE1 7RU, Tyne \& Wear, England.
   Cockerill, Maria, N Tyneside Council, Sch Improvement Serv, Wallsend, Tyne \& Wear, England.}},
DOI = {{10.1371/journal.pone.0012690}},
Article-Number = {{e12690}},
ISSN = {{1932-6203}},
Keywords-Plus = {{LIFE-HISTORY; FATHER ABSENCE; FAMILY ENVIRONMENT; TEENAGE PREGNANCY;
   NATURAL-SELECTION; EARLY STRESS; CHILD; MENARCHE; BIRTH; SEX}},
Research-Areas = {{Science \& Technology - Other Topics}},
Web-of-Science-Categories  = {{Multidisciplinary Sciences}},
Author-Email = {{daniel.nettle@ncl.ac.uk}},
ResearcherID-Numbers = {{Nettle, Daniel/B-2259-2008
   }},
ORCID-Numbers = {{Nettle, Daniel/0000-0001-9089-2599
   Cockerill, Maria/0000-0002-9780-3859}},
Funding-Acknowledgement = {{North Tyneside Council {[}KH092651]}},
Funding-Text = {{This work was partially supported by North Tyneside Council
   (http://www.northtyneside.gov.uk/) under grant KH092651 to Daniel
   Nettle. The funders had no role in study design, data collection and
   analysis, decision to publish, or preparation of the manuscript.}},
Cited-References = {{Alvergne A, 2008, PHYSIOL BEHAV, V95, P625, DOI 10.1016/j.physbeh.2008.09.005.
   Arai L, 2009, TEENAGE PREGNANCY: THE MAKING AND UNMAKING OF A PROBLEM, P1.
   BARON RM, 1986, J PERS SOC PSYCHOL, V51, P1173, DOI 10.1037/0022-3514.51.6.1173.
   BELSKY J, 1991, CHILD DEV, V62, P647, DOI 10.2307/1131166.
   Belsky J, 2007, CHILD DEV, V78, P1302, DOI 10.1111/j.1467-8624.2007.01067.x.
   Bereczkei T, 2001, INT J BEHAV DEV, V25, P501, DOI 10.1080/01650250042000573.
   Bogaert AF, 2008, J BIOSOC SCI, V40, P623, DOI 10.1017/S0021932007002386.
   Boyd R., 1985, CULTURE EVOLUTIONARY.
   BROOKSGUNN J, 1993, AM J SOCIOL, V99, P353, DOI 10.1086/230268.
   Burton L M, 1990, Hum Nat, V1, P123, DOI 10.1007/BF02692149.
   Byars SG, 2010, P NATL ACAD SCI USA, V107, P1787, DOI 10.1073/pnas.0906199106.
   Chisholm JS, 1999, HUM NATURE-INT BIOS, V10, P51, DOI 10.1007/s12110-999-1001-1.
   Chisholm JS, 2005, HUM NATURE-INT BIOS, V16, P233, DOI 10.1007/s12110-005-1009-0.
   CHISHOLM JS, 1993, CURR ANTHROPOL, V34, P1, DOI 10.1086/204131.
   Cohan CL, 2002, J FAM PSYCHOL, V16, P14, DOI 10.1037//0893-3200.16.1.14.
   Davis J, 2007, EVOL HUM BEHAV, V28, P228, DOI 10.1016/j.evolhumbehav.2007.02.003.
   {*}DCLG, 2010, IND DEPR 2007.
   Duncan S, 2007, CRIT SOC POLICY, V27, P307, DOI 10.1177/0261018307078845.
   Ellis BJ, 2003, CHILD DEV, V74, P801, DOI 10.1111/1467-8624.00569.
   Ellis BJ, 2004, PSYCHOL BULL, V130, P920, DOI 10.1037/0033-2909.130.6.920.
   Gaudie J, 2010, BMC PUBLIC HEALTH, V10, DOI 10.1186/1471-2458-10-63.
   Geronimus AT, 1996, HUM NATURE-INT BIOS, V7, P323, DOI 10.1007/BF02732898.
   Harden A, 2009, BMJ-BRIT MED J, V339, DOI 10.1136/bmj.b4254.
   Henderson M, 2007, BMJ-BRIT MED J, V334, P133, DOI 10.1136/bmj.39014.503692.55.
   Henrich J, 2003, EVOL ANTHROPOL, V12, P123, DOI 10.1002/evan.10110.
   Jewell D, 2000, FAM PRACT, V17, P522, DOI 10.1093/fampra/17.6.522.
   Kim K, 1997, EVOL HUM BEHAV, V18, P109, DOI 10.1016/S1090-5138(96)00114-6.
   Lawlor DA, 2003, AM J PUBLIC HEALTH, V93, P266, DOI 10.2105/AJPH.93.2.266.
   Lawson DW, 2009, EVOL HUM BEHAV, V30, P170, DOI 10.1016/j.evolhumbehav.2008.12.001.
   Low BS, 2008, CROSS-CULT RES, V42, P201, DOI 10.1177/1069397108317669.
   Mathews P., 2008, J EVOLUTIONARY PSYCH, V6, P155, DOI {[}10.1556/JEP.6.2008.3.1, DOI 10.1556/JEP.6.2008.3.1].
   McCulloch A, 2001, J EPIDEMIOL COMMUN H, V55, P16, DOI 10.1136/jech.55.1.16.
   McElreath R, 2008, CURR ANTHROPOL, V49, P307, DOI 10.1086/524364.
   Meade CS, 2008, HEALTH PSYCHOL, V27, P419, DOI 10.1037/0278-6133.27.4.419.
   Mikach SM, 1999, EVOL HUM BEHAV, V20, P141, DOI 10.1016/S1090-5138(98)00045-2.
   NETTLE D, P ROYAL S B IN PRESS.
   Nettle D., PHILOS T B IN PRESS.
   Nettle D, 2010, AM J HUM BIOL, V22, P172, DOI 10.1002/ajhb.20970.
   Nettle D, 2010, BEHAV ECOL, V21, P387, DOI 10.1093/beheco/arp202.
   {*}ONS, 2010, IND MULT DEPR WARDS.
   Pesonen AK, 2008, AM J HUM BIOL, V20, P345, DOI 10.1002/ajhb.20735.
   Quinlan RJ, 2003, EVOL HUM BEHAV, V24, P376, DOI 10.1016/S1090-5138(03)00039-4.
   Rasbash J., 2010, USERS GUIDE MLWIN VE.
   RASBASH J, 2010, MLWIN VERSION 2 19.
   Rodgers JL, 2005, DEMOGRAPHY, V42, P675, DOI 10.1353/dem.2005.0034.
   Smith Debbie M, 2006, Psychol Health Med, V11, P399, DOI 10.1080/13548500500429353.
   Sobel M., 1982, SOCIOL METHODOL, P290, DOI {[}DOI 10.2307/270723, 10.2307/270723].
   Tither JM, 2008, DEV PSYCHOL, V44, P1409, DOI 10.1037/a0013065.
   Wardle J, 2003, J EPIDEMIOL COMMUN H, V57, P440, DOI 10.1136/jech.57.6.440.
   Wilson M, 1997, BRIT MED J, V314, P1271, DOI 10.1136/bmj.314.7089.1271.
   Zhou XY, 2009, ASIAN J SOC PSYCHOL, V12, P40, DOI 10.1111/j.1467-839X.2008.01268.x.}},
Number-of-Cited-References = {{51}},
Times-Cited = {{20}},
Usage-Count-Last-180-days = {{0}},
Usage-Count-Since-2013 = {{8}},
Journal-ISO = {{PLoS One}},
Doc-Delivery-Number = {{649ZP}},
Unique-ID = {{ISI:000281815800005}},
OA = {{DOAJ Gold, Green Published}},
DA = {{2021-05-18}},
}

@article{ ISI:000256592800003,
Author = {Moisl, Hermann and Maguire, Warren},
Title = {{Identifying the main determinants of phonetic variation in the Newcastle
   Electronic Corpus of Tyneside English}},
Journal = {{JOURNAL OF QUANTITATIVE LINGUISTICS}},
Year = {{2008}},
Volume = {{15}},
Number = {{1}},
Pages = {{46-69}},
Month = {{FEB}},
Abstract = {{The Newcastle Electronic Corpus of Tyneside English is a corpus of
   dialect speech from North-East England. It includes phonetic
   transcriptions of 63 interviews together with social data relating to
   each interviewee, and offers an opportunity to study the sociophonetics
   of Tyneside speech of the late 1960s. In a previous paper we began that
   study with an exploratory multivariate analysis of the transcriptions.
   The results were that speakers fell into clearly defined groups on the
   basis of their phonetic usage, and that these groups correlated well
   with social characteristics associated with the speakers. The present
   paper develops these results by trying to identify the main phonetic
   determinants of the speaker groups.}},
Publisher = {{ROUTLEDGE JOURNALS, TAYLOR \& FRANCIS LTD}},
Address = {{4 PARK SQUARE, MILTON PARK, ABINGDON OX14 4RN, OXFORDSHIRE, ENGLAND}},
Type = {{Article}},
Language = {{English}},
Affiliation = {{Moisl, H (Corresponding Author), Univ Newcastle Upon Tyne, Sch English Literature Language \& Linguist, Percy Bldg, Newcastle Upon Tyne NE1 7RU, Tyne \& Wear, England.
   Moisl, Hermann, Univ Newcastle Upon Tyne, Sch English Literature Language \& Linguist, Newcastle Upon Tyne NE1 7RU, Tyne \& Wear, England.
   Maguire, Warren, Univ Edinburgh, Sch Philosophy Psychol \& Language Sci, Edinburgh EH8 9AG, Midlothian, Scotland.}},
DOI = {{10.1080/09296170701794302}},
ISSN = {{0929-6174}},
Research-Areas = {{Linguistics}},
Web-of-Science-Categories  = {{Linguistics; Language \& Linguistics}},
Author-Email = {{hermann.moisl@nci.ac.uk
   w.maguire@ed.ac.uk}},
Cited-References = {{CORRIGAN K, 2005, NEWCASTLE ELECT CORP.
   Docherty Gerry, 1999, P 14 INT C PHON SCI, P1037.
   Docherty GJ, 1997, J LINGUIST, V33, P275, DOI 10.1017/S002222679700649X.
   Duda R.O., 2001, PATTERN CLASSIFICATI.
   Everitt B.S., 2001, CLUSTER ANAL.
   JONES V, 2005, LIT LINGUISTIC COMPU, V20, P1.
   Jones-Sargent V., 1983, TYNE BYTES COMPUTERI.
   McNeany V., 1972, LINGUA, V30, P1.
   MCNEANY V, 1971, VOWELREDUCTION LOCAL.
   Milroy J., 1995, NEWCASTLE DURHAM WOR, V3, P187.
   Milroy James, 1994, ENGL WORLD-WIDE, V15, P1, DOI DOI 10.1075/EWW.15.1.02MIL.
   MILROY L, 1997, VARIATION LINGUISTIC, P35.
   MOISL H, 2006, CORPUS LINGUISTICS I.
   Orton Harold, 1962, SURVEY ENGLISH DIA B, V1.
   Pellowe John, 1978, SOCIOLINGUISTIC PATT, P101.
   Strang B., 1968, Z MUNDARTFORSCHUNG, V4, P788.
   Verleysen M, 2003, NATO SC S SS III C S, V186, P141.
   Watt D., 1999, URBAN VOICES ACCENT, P25.
   Watt Dominic, 2003, J INT PHON ASSOC, V33, P267, DOI DOI 10.1017/S0025100303001397.
   Wells J. C., 1982, ACCENTS ENGLISH.}},
Number-of-Cited-References = {{20}},
Times-Cited = {{7}},
Usage-Count-Last-180-days = {{0}},
Usage-Count-Since-2013 = {{6}},
Journal-ISO = {{J. Quant. Linguist.}},
Doc-Delivery-Number = {{311IB}},
Unique-ID = {{ISI:000256592800003}},
DA = {{2021-05-18}},
}

@article{ ISI:000248872400002,
Author = {Clark, Gregory and Jacks, David},
Title = {{Coal and the industrial revolution, I700-I869}},
Journal = {{EUROPEAN REVIEW OF ECONOMIC HISTORY}},
Year = {{2007}},
Volume = {{11}},
Number = {{1}},
Pages = {{39-72}},
Month = {{APR}},
Abstract = {{How important was coal to the Industrial Revolution? Despite the huge
   growth of output, and the grip of coal and steam on the popular image of
   the Industrial Revolution, recent cliometric accounts have assumed
   coal-mining mattered little to the Industrial Revolution. In contrast
   both E. A. Wrigley and Kenneth Pomeranz have made coal central to the
   story. This article constructs new series on coal rents, the price of
   coal at pithead and at market, and the price of firewood, and uses them
   to examine this issue. We conclude coal output expanded in the
   Industrial Revolution mainly as a result of increased demand rather than
   technological innovations in mining. But that expansion could have
   occurred at any time before 1760. Further, our coal rents series
   suggests that English possession of coal reserves made a negligible
   contribution to Industrial Revolution incomes.}},
Publisher = {{CAMBRIDGE UNIV PRESS}},
Address = {{EDINBURGH BLDG, SHAFTESBURY RD, CB2 8RU CAMBRIDGE, ENGLAND}},
Type = {{Article}},
Language = {{English}},
Affiliation = {{Clark, G (Corresponding Author), Univ Calif Davis, Dept Econ, Davis, CA 95616 USA.
   Univ Calif Davis, Dept Econ, Davis, CA 95616 USA.
   Simon Fraser Univ, Dept Econ, Burnaby, BC V5A 1S6, Canada.}},
DOI = {{10.1017/S1361491606001870}},
ISSN = {{1361-4916}},
Keywords-Plus = {{TRADE; PRODUCTIVITY; ENGLAND; LIMITATION; TYNESIDE; GROWTH; VEND}},
Research-Areas = {{Business \& Economics; Social Sciences - Other Topics}},
Web-of-Science-Categories  = {{Economics; History Of Social Sciences}},
Cited-References = {{Ashton T.S., 1948, IND REVOLUTION.
   ASHTON TS, 1964, COAL INDUSTRY 18 CEN.
   BEGLEY CD, 1961, FORESTRY COMMISSION.
   BEVERIDGE WH, 1966, PRICES WAGES ENGLAND, V1.
   Braudel F., 1981, STRUCTURES EVERYDAY.
   Buxton NeilK., 1978, EC DEV BRIT COAL IND.
   Church R, 1986, HIST BRIT COAL IND, V3.
   Clapham J.H., 1926, EC HIST MODERN BRITA.
   Clark G, 2004, RES ECON HIST, V22, P41.
   Clark G, 2005, J POLIT ECON, V113, P1307, DOI 10.1086/498123.
   Clark G, 2001, ECON HIST REV, V54, P477, DOI 10.1111/1468-0289.00200.
   Clark G, 1998, EXPLOR ECON HIST, V35, P59, DOI 10.1006/exeh.1997.0689.
   Clark Gregory, 2001, SECRET HIST IND REVO.
   CRAFTS N, 1985, BRIT EC GROWTH DURIN.
   CRAFTS NFR, 1992, ECON HIST REV, V45, P703.
   CROMAR P, 1977, ECON GEOGR, V53, P79, DOI 10.2307/142808.
   CROMAR P, 1978, NORTHERN HIST, V14, P193, DOI 10.1179/nhi.1978.14.1.193.
   Deane Phyllis, 1965, 1 IND REVOLUTION.
   DUNN M, 1844, HIST GEOLOGICAL DESC.
   Evans J., 1984, SILVICULTURE BROADLE, V62.
   FAREY J, 1827, HIST ACCOUNT STEAM E.
   FLINN MW, 1984, HIST BRIT COAL IND, V2.
   Griffin A. R., 1977, BRIT COALMINING IND.
   HAMMERSLEY G, 1973, ECON HIST REV, V24, P593.
   HARLEY CK, 1988, J ECON HIST, V48, P851, DOI 10.1017/S0022050700006641.
   HARRISON AE, 1994, J INT ECON, V36, P53, DOI 10.1016/0022-1996(94)90057-4.
   HAUSMAN WJ, 1987, ECON HIST REV, V40, P588.
   HAUSMAN WJ, 1984, EXPLOR ECON HIST, V21, P383, DOI 10.1016/0014-4983(84)90003-2.
   HAUSMAN WJ, 1984, J ECON HIST, V44, P321, DOI 10.1017/S0022050700031922.
   HUGHES M, 1963, THESIS DURHAM U.
   Jevons W.S., 1866, COAL QUESTION INQUIR.
   LOWER ARM, 1973, GREAT BRITAINS WOODY.
   MCCLOSKEY D, 1981, EC HIST BRIT 1700.
   MCCORD N, 1971, NORTHUMBERLAND DURHA.
   Mitchell B. R., 1984, EC DEV BRIT COAL IND.
   Mokyr J., 1990, LEVER RICHES.
   Nef J, 1932, RISE BRIT COAL IND, V1.
   POLLARD S, 1983, EXPLOR ECON HIST, V20, P110, DOI 10.1016/0014-4983(83)90045-1.
   Pomeranz Kenneth, 2000, GREAT DIVERGENCE CHI.
   PORTER GR, 1951, PROGR NATION.
   RAISTRICK A, 1938, MINE QUARRY ENG, V3.
   ROLLINSON TJD, 1987, FORESTRY B, V64.
   SWEEZY P, 1938, MONOPOLY COMPETITION.
   VONTUZELMANN N, 1978, STEAM POWER BRIT IND.
   Vries PHH, 2001, J WORLD HIST, V12, P407, DOI 10.1353/jwh.2001.0046.
   WRIGLEY EA, 1988, CONTINUITY CHANCE CA.}},
Number-of-Cited-References = {{46}},
Times-Cited = {{50}},
Usage-Count-Last-180-days = {{0}},
Usage-Count-Since-2013 = {{19}},
Journal-ISO = {{Eur. Rev. Econ. Hist.}},
Doc-Delivery-Number = {{201ZY}},
Unique-ID = {{ISI:000248872400002}},
DA = {{2021-05-18}},
}

@article{ ISI:000247519400012,
Author = {Rowe, Charley},
Title = {{He divn't gan tiv a college ti di that, man! A study of do (and to) in
   Tyneside English}},
Journal = {{LANGUAGE SCIENCES}},
Year = {{2007}},
Volume = {{29}},
Number = {{2-3}},
Pages = {{360-371}},
Month = {{MAR-MAY}},
Abstract = {{The following study uses data collected as part of the Tyneside
   Linguistic Survey (TLS) taken in the late 1960s in Gateshead, across
   from Newcastle on the River Tyne in the northeast of England. The
   Newcastle conurbation is situated in Tyne and Wear; this county and
   surrounding Northumberland comprise the Northumbrian dialect area. This
   paper, which concentrates on Tyneside English, has, as its primary goal,
   to etymologize a set of salient Tyneside linguistic forms, the Tyneside
   equivalents of Standard English do and to. In Tyneside English, these
   forms emerge with {[}IV] intervocalically, and with {[}i] (with rich
   allophony) otherwise. The vowel is claimed to be a result of Northern
   Fronting; where the consonant {[}v] appears, it likely reflects a
   fortition of {[}u, w], the round vowel's oflglide. (c) 2007 Elsevier
   Ltd. All rights reserved.}},
Publisher = {{ELSEVIER SCI LTD}},
Address = {{THE BOULEVARD, LANGFORD LANE, KIDLINGTON, OXFORD OX5 1GB, OXON, ENGLAND}},
Type = {{Article}},
Language = {{English}},
Affiliation = {{Rowe, C (Corresponding Author), Univ Hong Kong, Sch English, Pokfulam Rd, Hong Kong, Hong Kong, Peoples R China.
   Univ Hong Kong, Sch English, Hong Kong, Hong Kong, Peoples R China.}},
DOI = {{10.1016/j.langsci.2006.12.013}},
ISSN = {{0388-0001}},
Keywords = {{do; English dialectology; GOOSE lexical set; Northern fronting; Tyneside
   English; Tyneside Linguistic Survey}},
Research-Areas = {{Linguistics}},
Web-of-Science-Categories  = {{Linguistics; Language \& Linguistics}},
Author-Email = {{rowe@hkucc.hku.hk}},
Cited-References = {{AGUTTER A, 1987, NUTTIS SCHELL ESSAYS.
   AITKEN AJ, 1971, EDINBURGH STUDIES EN.
   Beal J, 1993, REAL ENGLISH GRAMMAR.
   Britton D, 2002, LANG SCI, V24, P221, DOI 10.1016/S0388-0001(01)00030-4.
   GEESON C, 1969, NORTHUMBERLAND DURHA.
   GLAUSER B, 1974, COOPER MONOGRAPHS EN, V20.
   HESLOP RO, 1903, T YORKSHIRE DIALECT, P7.
   Johnston Paul, 1997, EDINBURGH HIST SCOTS, P433.
   Johnston Paul, 1997, EDINBURGH HIST SCOTS, P47.
   Jones Charles, 1997, EDINBURGH HIST SCOTS.
   KNIEZSA V, 1997, EDINBURGH HIST SCOTS.
   McNeany V., 1972, LINGUA, V30, P1.
   MILROY L, 1997, PHONOLOGICAL VARIATI.
   Murray James A.H., 1873, DIALECT SO COUNTIES.
   ORTON H, 1962, 6 NO COUNTIES ISLE M, V1.
   Rydland Kurt, 1998, ORTON CORPUS DICT NO.
   Smith Jennifer, 2001, ENGL WORLD-WIDE, V21, P231.
   Wakelin Martyn F., 1972, ENGLISH DIALECTS INT.
   Wettstein Paul, 1942, PHONOLOGY BERWICKSHI.
   Zai Rudolf, 1942, PHONOLOGY MOREBATTLE.}},
Number-of-Cited-References = {{20}},
Times-Cited = {{3}},
Usage-Count-Last-180-days = {{0}},
Usage-Count-Since-2013 = {{4}},
Journal-ISO = {{Lang. Sci.}},
Doc-Delivery-Number = {{182QP}},
Unique-ID = {{ISI:000247519400012}},
DA = {{2021-05-18}},
}

@article{ ISI:000189105700001,
Author = {Randall, V},
Title = {{The making of local child daycare regimes: past and future}},
Journal = {{POLICY AND POLITICS}},
Year = {{2004}},
Volume = {{32}},
Number = {{1}},
Pages = {{3-20}},
Month = {{JAN}},
Abstract = {{The government's new child daycare policy, based on local
   `partnerships', must reckon with tremendous local diversity of
   provision. This article draws on case studies of six English local
   authorities Barnet, Kensington and Chelsea, Leeds, Manchester,
   Oxfordshire and North Tyneside - first to characterise more fully this
   variation of local daycare regimes and second, to explore the role
   played in shaping and modifying these regimes by local party and gender
   politics. The conclusion considers implications for local responses to
   recent national childcare initiatives.}},
Publisher = {{POLICY PRESS}},
Address = {{UNIV BRISTOL, 34 TYNDALLS PARK RD, BRISTOL BS8 1PY, ENGLAND}},
Type = {{Article}},
Language = {{English}},
Affiliation = {{Randall, V (Corresponding Author), Univ Essex, Dept Govt, Colchester CO4 3SQ, Essex, England.
   Univ Essex, Dept Govt, Colchester CO4 3SQ, Essex, England.}},
DOI = {{10.1332/030557304772860012}},
ISSN = {{0305-5736}},
Keywords = {{child daycare; local authorities; political parties; feminism}},
Research-Areas = {{Government \& Law; Public Administration}},
Web-of-Science-Categories  = {{Political Science; Public Administration}},
Cited-References = {{Bacchi C., 1999, WOMEN POLICY POLITIC.
   BLACKSTONE T, 1971, FAIR START.
   BOTTOMLEY PM, 1990, UNPUB POLITICAL INTE.
   BROTCHIE J, 1990, NEW STATESMAN SOC, V3, P26.
   Chandler J. A., 1996, LOCAL GOVT TODAY.
   {*}DARL SOC RES UN, 1995, CHILD PROT MESS RES.
   {*}DFEE, 1998, CMND3959.
   {*}DFES, 2001, CHILDR DAY CAR FAC 3.
   {*}DOH, 1998, CHILDR DAY CAR FAC 3.
   EDWARDS J, 1994, LOCAL GOVT WOMENS CO.
   EDWARDS MJ, 1988, LOCAL GOVT STUDIES, V14, P39.
   Halford S, 1992, Sociol Rev Monogr, P155.
   HALFORD S, 69 U SUSS DEP URB RE.
   JOHN P, 1997, DEV BRIT POLITICS, P253.
   MACKIE T, 1995, THEORY METHODS POLIT, P173.
   Marchbank J, 2000, WOMEN POWER POLICY C.
   Michel S., 2002, CHILD CARE POLICY CR.
   Moss P., 1976, ALL OUR CHILDREN.
   Parton N., 1997, CHILD PROTECTION FAM.
   PENN H, 1992, MANAGING SERVICES UN.
   PERRIGO S, 1986, FEMINIST REV, P101.
   Peters G, 1998, COMP POLITICS THEORY.
   PUGH G, 1988, SERVICES UNDER 5 DEV.
   Randall V, 1996, J SOC POLICY, V25, P485, DOI 10.1017/S0047279400023916.
   Randall V, 2001, CHILDREN SOC, V15, P170.
   RANDALL V, 1999, 99 ESRC U ESS RES CT, P18.
   Randall V., 2000, POLITICS CHILD DAYCA.
   ROGERS R, 1980, NEW STATESMAN, V99, P230.
   Schon DonaldA., 1994, FRAME REFLECTION RES.
   {*}SEC, 1998, CM4045.
   STEWART J, 1995, LOCAL GOVT 1990S, P191.
   Stokes W., 1998, CONT POLITICS, V4, P23.
   WAINWRIGHT H, 1987, LABOUR TALE 2 PARTIE.
   Wilding P, 1997, POLIT STUD-LONDON, V45, P716, DOI 10.1111/1467-9248.00107.}},
Number-of-Cited-References = {{34}},
Times-Cited = {{5}},
Usage-Count-Last-180-days = {{0}},
Usage-Count-Since-2013 = {{1}},
Journal-ISO = {{Policy Polit.}},
Doc-Delivery-Number = {{776FH}},
Unique-ID = {{ISI:000189105700001}},
DA = {{2021-05-18}},
}

@article{ ISI:000088421900019,
Author = {Palmer, NAO and Pealing, R and Ireland, RS and Martin, MV},
Title = {{A study of prophylactic antibiotic prescribing in National Health
   Service general dental practice in England}},
Journal = {{BRITISH DENTAL JOURNAL}},
Year = {{2000}},
Volume = {{189}},
Number = {{1}},
Pages = {{43-46}},
Month = {{JUL 8}},
Abstract = {{Objective To study the use of prophylactic antibiotics by general dental
   practitioners.
   Design A postal questionnaire of National Health Service (NHS) general
   dental practitioners in ten English Health Authorities.
   Subjects General dental practitioners (GDPs) (1544) contracted to
   provide NHS treatment in the Health Authorities of Liverpool, Wirral,
   Oxfordshire, Buckinghamshire, Nottingham, North Nottinghamshire,
   Sheffield, Newcastle, Northumberland and North Tyneside.
   Main outcome measures The questionnaires were analysed and the responses
   to each question expressed as absolute frequencies.
   Results Responses to the questionnaires were received from 929 (60.1\%)
   practitioners. Over 40\% of general dental practitioners would prescribe
   prophylactic antibiotics for patients with no relevant medical history
   for minor oral surgery to prevent postoperative infection. Amoxicillin
   was the predominant choice of antibiotic in this situation. Between
   15-67\% of GDPs failed to prescribe prophylactic antibiotics for at risk
   medically compromised patients. GDPs also prescribed for patients with a
   medical history not known to be at risk from dental procedures, Over
   50\% of GDPs however, would seek specialist advice about prophylaxis if
   they were unsure of the indications and over 90\% of GDPs indicated they
   would use the current recommended regime for antibiotic prophylaxis for
   patients at risk of infective endocarditis.
   Conclusions The evidence from this study suggests that a significant
   number of the practitioners surveyed prescribe prophylactic antibiotics
   inappropriately, both for surgical procedures and for patients at risk
   from endocarditis. There is also evidence that practitioners prescribe
   antibiotic prophylaxis for clinical procedures and medical conditions
   for which there is little evidence. The results suggest that there is a
   need for the development of guidelines for practitioners on the
   appropriate prophylactic use of antibiotics.}},
Publisher = {{MACMILLAN PUBLISHERS LTD}},
Address = {{PORTERS SOUTH, 4 CRINAN ST, LONDON N1 9XW, ENGLAND}},
Type = {{Article}},
Language = {{English}},
Affiliation = {{Palmer, NAO (Corresponding Author), Univ Liverpool, Dept Clin Dent Sci, Liverpool L69 3BX, Merseyside, England.
   Univ Liverpool, Dept Clin Dent Sci, Liverpool L69 3BX, Merseyside, England.}},
DOI = {{10.1038/sj.bdj.4800597a}},
ISSN = {{0007-0610}},
Keywords-Plus = {{INFECTIVE ENDOCARDITIS; PREVENTION}},
Research-Areas = {{Dentistry, Oral Surgery \& Medicine}},
Web-of-Science-Categories  = {{Dentistry, Oral Surgery \& Medicine}},
Cited-References = {{ABBOTT AA, 1988, ORAL SURG ORAL MED O, V66, P722, DOI 10.1016/0030-4220(88)90324-6.
   ABBOTT PV, 1990, AUST DENT J, V35, P50, DOI 10.1111/j.1834-7819.1990.tb03028.x.
   {[}Anonymous], 1998, DENT PRACT FORM 1998.
   Dajani AS, 1997, JAMA-J AM MED ASSOC, V277, P1794, DOI 10.1001/jama.277.22.1794.
   FIELD EA, 1991, BRIT DENT J, V171, P352, DOI 10.1038/sj.bdj.4807729.
   GILL Y, 1990, ORAL SURG ORAL MED O, V70, P155, DOI 10.1016/0030-4220(90)90109-6.
   HOLBROOK WP, 1983, BRIT DENT J, V154, P36, DOI 10.1038/sj.bdj.4804978.
   HOLBROOK WP, 1987, J ANTIMICROB CHEMOTH, V20, P439, DOI 10.1093/jac/20.3.439.
   Little J W, 1997, Spec Care Dentist, V17, P153, DOI 10.1111/j.1754-4505.1997.tb00888.x.
   Lockhart P B, 1994, Dent Clin North Am, V38, P381.
   Longman L P, 1999, Dent Update, V26, P7.
   LONGMAN LP, 1991, BRIT DENT J, V170, P257, DOI 10.1038/sj.bdj.4807487.
   Martin MV, 1997, BRIT DENT J, V182, P465, DOI 10.1038/sj.bdj.4809414.
   MORSE DR, 1987, ORAL SURG ORAL MED O, V64, P96, DOI 10.1016/0030-4220(87)90123-X.
   NEU HC, 1979, J ANTIMICROB CHEMOTH, V5, P331, DOI 10.1093/jac/5.4.331.
   PALLASCH TJ, 1991, J PERIODONTOL, V62, P227, DOI 10.1902/jop.1991.62.3.227.
   Palmer NAO, 2000, BRIT DENT J, V188, P554, DOI 10.1038/sj.bdj.4800538a.
   PALMER NOA, 1998, PRIMARY DENT CARE, V5, P137.
   ROOD JP, 1979, BRIT J ORAL SURG, V17, P62, DOI 10.1016/0007-117X(79)90009-X.
   RUD J, 1970, British Journal of Oral Surgery, V7, P153.
   SIMMONS NA, 1990, LANCET, V335, P88, DOI 10.1016/0140-6736(90)90549-K.
   {*}SPSS INC, 1998, SPSS WIND BAS VERS P.
   Standing Committee of Science and Technology, 1998, RES ANT OTH ANT AG.
   VONKONOW L, 1981, INT J ORAL MAXILLOF, V10, P313, DOI 10.1016/S0300-9785(81)80027-0.
   Whitten BH, 1996, J AM DENT ASSOC, V127, P1333, DOI 10.14219/jada.archive.1996.0444.
   WOODS R, 1988, AUST DENT J, V33, P420, DOI 10.1111/j.1834-7819.1988.tb04607.x.
   {*}WORK PART BRIT SO, 1992, LANCET, V339, P301.
   1997, CLIN INFECT DIS S1, V24, pS1.}},
Number-of-Cited-References = {{28}},
Times-Cited = {{57}},
Usage-Count-Last-180-days = {{0}},
Usage-Count-Since-2013 = {{7}},
Journal-ISO = {{Br. Dent. J.}},
Doc-Delivery-Number = {{338LT}},
Unique-ID = {{ISI:000088421900019}},
DA = {{2021-05-18}},
}

@article{ ISI:000087742100011,
Author = {Palmer, NAO and Pealing, R and Ireland, RS and Martin, MV},
Title = {{A study of therapeutic antibiotic prescribing in National Health Service
   general dental practice in England}},
Journal = {{BRITISH DENTAL JOURNAL}},
Year = {{2000}},
Volume = {{188}},
Number = {{10}},
Pages = {{554-558}},
Month = {{MAY 27}},
Abstract = {{Objective To study the therapeutic prescribing of antibiotics by general
   dental practitioners.
   Design A postal questionnaire of National Health Service general dental
   practitioners in ten English Health Authorities.
   Subjects General dental practitioners (1,544) contracted to provide NHS
   treatment in the Health Authorities of Liverpool, Wirral, Oxfordshire,
   Buckinghamshire, Nottingham, North Nottinghamshire, Sheffield,
   Newcastle, Northumberland and North Tyneside.
   Main outcome measures The questionnaires were analysed and the responses
   to each question expressed as absolute frequencies.
   Results Responses to the questionnaire were received from 929 (60.1 \%)
   practitioners. More than 95 \% of practitioners recognised the need for
   prescribing antibiotics where there was evidence of spreading infection.
   Some practitioners (12.5 \%) prescribed antibiotics for acute pulpitis
   and (3.3 \%) for chronic marginal gingivitis. Antibiotics were
   prescribed by practitioners before drainage of acute abscesses (69 \%)
   and by 23 \% after drainage. Practitioners were generally not influenced
   by patient's expectations of receiving antibiotics (92 \%), but would
   prescribe when under pressure of time (30.3 \%), if they were unable to
   make a definitive diagnosis (47.3\%), or if treatment had to be delayed
   (72.5 \%). Amoxicillin was the most frequently prescribed antibiotic
   used for most clinical conditions apart from pericoronitis, acute
   ulcerative gingivitis and dry sockets where metronidazole was the drug
   of choice. There was a wide variety of dosage, frequency and duration
   for all the antibiotics used in the treatment of acute dental
   infections.
   Conclusions The results obtained from this questionnaire support the
   conclusion that the therapeutic prescribing of antibiotics in general
   dental practice varies widely and is suboptimal. There is a clear need
   for the development of prescribing guidelines and educational
   initiatives to encourage the rational and appropriate use of the
   antibiotics in National Health Service general dental practice.}},
Publisher = {{MACMILLAN PUBLISHERS LTD}},
Address = {{PORTERS SOUTH, 4 CRINAN ST, LONDON N1 9XW, ENGLAND}},
Type = {{Article}},
Language = {{English}},
Affiliation = {{Palmer, NAO (Corresponding Author), Univ Liverpool, Dept Clin Dent Sci, Liverpool L69 3BX, Merseyside, England.
   Univ Liverpool, Dept Clin Dent Sci, Liverpool L69 3BX, Merseyside, England.}},
DOI = {{10.1038/sj.bdj.4800538a}},
ISSN = {{0007-0610}},
Keywords-Plus = {{INFECTIONS; PENICILLIN; ABSCESS}},
Research-Areas = {{Dentistry, Oral Surgery \& Medicine}},
Web-of-Science-Categories  = {{Dentistry, Oral Surgery \& Medicine}},
Cited-References = {{BARKER GR, 1987, BRIT DENT J, V162, P303, DOI 10.1038/sj.bdj.4806114.
   CAWSON RA, 1985, CLIN PHARM DENT.
   {*}FAC GEN DENT PRAC, AD ANT PRESCR PRIM C.
   FAZAKERLEY MW, 1993, BRIT DENT J, V174, P359, DOI 10.1038/sj.bdj.4808171.
   GILL Y, 1988, BRIT J ORAL MAX SURG, V26, P452, DOI 10.1016/0266-4356(88)90065-4.
   INGHAM HR, 1977, BRIT J ORAL SURG, V14, P264, DOI 10.1016/0007-117X(77)90035-X.
   Kaner EF, 1998, BRIT J GEN PRACT, V48, P1067.
   LEWIS MAO, 1986, BRIT DENT J, V161, P299, DOI 10.1038/sj.bdj.4805959.
   LEWIS MAO, 1989, BRIT DENT J, V166, P41, DOI 10.1038/sj.bdj.4806706.
   LEWIS MAO, 1990, BRIT J ORAL MAX SURG, V28, P359, DOI 10.1016/0266-4356(90)90032-G.
   LEWIS MAO, 1995, J ANTIMICROB CHEMOTH, V35, P785, DOI 10.1093/jac/35.6.785.
   LEWIS MAO, 1986, J MED MICROBIOL, V21, P101, DOI 10.1099/00222615-21-2-101.
   LONGMAN LP, 1991, BRIT DENT J, V170, P257, DOI 10.1038/sj.bdj.4807487.
   Martin MV, 1997, BRIT DENT J, V183, P135, DOI 10.1038/sj.bdj.4809444.
   Olson A K, 1990, Compendium, V11, P328.
   Palmer N, 1998, Prim Dent Care, V5, P11.
   Palmer N O, 1996, Prim Dent Care, V3, P65.
   PALMER NOA, 1998, PRIMARY DENT CARE, V5, P137.
   PORGREL MA, 1994, DENT UPDATE, V21, P274.
   {*}SPSS INC, 1998, SPSS WIND BAS VERS 9.
   Standing Committee of Science and Technology, 1998, RES ANT OTH ANT AG.
   Thomas DW, 1996, BRIT DENT J, V181, P401, DOI 10.1038/sj.bdj.4809276.
   Trope M, 1995, Dent Clin North Am, V39, P93.
   vanBuchem FL, 1997, LANCET, V349, P683, DOI 10.1016/S0140-6736(96)07585-X.
   {*}WHO, 1997, CLIN INFECT DIS   S1, V24, pS1.
   Wise R, 1998, BMJ-BRIT MED J, V317, P609, DOI 10.1136/bmj.317.7159.609.}},
Number-of-Cited-References = {{26}},
Times-Cited = {{65}},
Usage-Count-Last-180-days = {{0}},
Usage-Count-Since-2013 = {{6}},
Journal-ISO = {{Br. Dent. J.}},
Doc-Delivery-Number = {{326NR}},
Unique-ID = {{ISI:000087742100011}},
DA = {{2021-05-18}},
}

@article{ ISI:000080362400014,
Author = {Jones, CM and Worthington, H},
Title = {{The relationship between water fluoridation and socioeconomic
   deprivation on tooth decay in 5-year-old children}},
Journal = {{BRITISH DENTAL JOURNAL}},
Year = {{1999}},
Volume = {{186}},
Number = {{8}},
Pages = {{397-400}},
Month = {{APR 24}},
Abstract = {{Aim To examine the relationship between water fluoridation,
   socioeconomic deprivation and tooth decay in 5-year-olds.
   Setting 10,004 children: 1,051 in naturally fluoridated Hartlepool in
   1991/92, 3,816 in fluoridated Newcastle \& North Tyneside and 5,137 in
   non-fluoridated Salford \& Trafford in 1993/94.
   Outcome measures Correlations between mean electoral ward dmft and ward
   Townsend Scores from the 1991 census.
   Results Regardless of the level of water fluoridation significant
   correlations were found between deprivation and tooth decay. Multiple
   linear regression models for dmft showed a statistically significant
   interaction between ward Townsend score, and both types of water
   fluoridation, confirming the more deprived the area the greater the
   reduction in tooth decay. At a Townsend score of zero (the English
   average) there was a predicted 43\% reduction in decay in 5-year-olds in
   fluoridated areas.
   Conclusions Tooth decay is strongly associated with social deprivation.
   The findings confirm that the implementation of water fluoridation has
   halved tooth decay in 5-year-old children and that the dental caries
   divide between rich and poor is reduced.}},
Publisher = {{NATURE PUBLISHING GROUP}},
Address = {{MACMILLAN BUILDING, 4 CRINAN ST, LONDON N1 9XW, ENGLAND}},
Type = {{Article}},
Language = {{English}},
Affiliation = {{Jones, CM (Corresponding Author), Wigan \& Bolton Hlth Author, Bryan House,61 Standishgate, Wigan WN1 1AH, England.
   Wigan \& Bolton Hlth Author, Wigan WN1 1AH, England.
   Univ Dent Hosp Manchester, Turner Dent Sch, Dept Oral Hlth \& Dev, Manchester M15 6FH, Lancs, England.}},
DOI = {{10.1038/sj.bdj.4800122a}},
ISSN = {{0007-0610}},
EISSN = {{1476-5373}},
Keywords-Plus = {{SOCIAL-CLASS; CARIES EXPERIENCE; DENTAL-CARIES; AREAS; NORTHUMBERLAND;
   NEWCASTLE; DENTITION; HEALTH}},
Research-Areas = {{Dentistry, Oral Surgery \& Medicine}},
Web-of-Science-Categories  = {{Dentistry, Oral Surgery \& Medicine}},
ResearcherID-Numbers = {{Worthington, Helen V/G-7432-2015
   Worthington, Helen/U-8971-2019}},
ORCID-Numbers = {{Worthington, Helen V/0000-0002-4851-7469
   Worthington, Helen/0000-0002-4851-7469}},
Cited-References = {{BEAL JF, 1996, PREVENTION ORAL DIS, pCH16.
   BLAND M, 1993, INTRO MED STAT, pCH9.
   BURT BA, 1983, J PUB HLTH DENT, V48, P214.
   CARMICHAEL CL, 1989, BRIT DENT J, V167, P57, DOI 10.1038/sj.bdj.4806919.
   CARMICHAEL CL, 1980, BRIT DENT J, V149, P163, DOI 10.1038/sj.bdj.4804479.
   COLQUHOUN J, 1985, COMMUNITY DENT ORAL, V13, P37, DOI 10.1111/j.1600-0528.1985.tb00417.x.
   COLQUHOUN J, 1997, NZ DENT J, V73, P146.
   DAVIES RM, 1995, BRIT DENT J, V179, P84, DOI 10.1038/sj.bdj.4808842.
   Ellwood R P, 1995, Community Dent Health, V12, P18.
   Ellwood RP, 1996, COMMUNITY DENT ORAL, V24, P1, DOI 10.1111/j.1600-0528.1996.tb00802.x.
   EVANS RW, 1984, COMMUNITY DENT ORAL, V12, P5, DOI 10.1111/j.1600-0528.1984.tb01401.x.
   HAUSEN H, 1982, COMMUNITY DENT ORAL, V10, P33, DOI 10.1111/j.1600-0528.1982.tb00357.x.
   HAUSEN H, 1981, COMMUNITY DENT ORAL, V9, P289, DOI 10.1111/j.1600-0528.1981.tb00348.x.
   HINDS K, 1995, NATL DIET NUTR SURVE, V2, pCH6.
   Jones C, 1997, Community Dent Health, V14, P156.
   JONES CM, 1997, BRIT MED J, V3, P514.
   Nugent Z J, 1997, Community Dent Health, V14 Suppl 1, P30.
   {*}OPCS, 1993, 1991 CENS REP GREA 1.
   Pitts N B, 1997, Community Dent Health, V14 Suppl 1, P6.
   Pitts N B, 1995, Community Dent Health, V12, P52.
   PITTS NB, 1994, COMMUNITY DENT HLTH, V11, P45.
   Provart S J, 1995, Community Dent Health, V12, P200.
   Provart S J, 1995, Community Dent Health, V12, P138.
   {*}PUBL HLTH ALL BRI, 1994, ONE MILLION.
   Slade GD, 1996, COMMUNITY DENT ORAL, V24, P89, DOI 10.1111/j.1600-0528.1996.tb00822.x.
   {*}STAT OFF LTD, 1998, PUBL STAT OFF LTD.
   StataCorp, 1997, STAT STAT SOFTW REL.
   SZWEJDA LF, 1962, PUBL HLTH DENT, V22, P91.
   TAYLOR GO, 1995, BRIT DENT J, V178, P47, DOI 10.1038/sj.bdj.4808644.
   TOWNSEND B, 1983, BMJ-BRIT MED J, V286, P1705.
   Vemmer T, 1998, BRIT MED J, V316, P230.}},
Number-of-Cited-References = {{31}},
Times-Cited = {{15}},
Usage-Count-Last-180-days = {{0}},
Usage-Count-Since-2013 = {{2}},
Journal-ISO = {{Br. Dent. J.}},
Doc-Delivery-Number = {{197JV}},
Unique-ID = {{ISI:000080362400014}},
DA = {{2021-05-18}},
}

@inproceedings{ ISI:A1997BJ45F00008,
Author = {Milroy, L},
Editor = {{Chu, A and Guerra, AMP and Tetreault, C}},
Title = {{The prepausal constraint in Tyneside English: A discourse level
   mechanism of linguistic change}},
Booktitle = {{SALSA IV - PROCEEDINGS OF THE FOURTH ANNUAL SYMPOSIUM ABOUT LANGUAGE AND
   SOCIETY - AUSTIN}},
Series = {{TEXAS LINQUISTIC FORUM (TLF)}},
Year = {{1997}},
Number = {{37}},
Pages = {{88-99}},
Note = {{4th Annual Symposium About Language and Society - Austin (SALSA IV),
   AUSTIN, TX, APR 12-14, 1996}},
Organization = {{Capitol Beverage Co; El Galindo; El Lago; Rio Diablo; Timpone's}},
Abstract = {{This paper arises from a more extensive variationist analysis of
   glottalization phenomena in the English of Tyneside in the North East of
   England. It focuses on the exceptions to the Prepausal Constraint (i.e.
   glottalized realizations of /t/ in prepausal contexts) which appear
   chiefly in the speech of younger working-class women, and are associated
   chiefly with the utterance-final grammatical tags and that, and all
   that, innit ('isn't it'), and wannit ('wasn't it'). It is argued that an
   analysis of conversational structure and conversational management
   procedures can contribute to an illuminating account of the PPC and its
   exceptions. The findings reported here are particularly relevant to an
   understanding of the spread of a linguistic change through the system at
   the level of conversational interaction.}},
Publisher = {{UNIVERSITY TEXAS AUSTIN DEPARTMENT LINGUISTICS}},
Address = {{ AUSTIN, TX 78712}},
Type = {{Proceedings Paper}},
Language = {{English}},
Affiliation = {{UNIV MICHIGAN,ANN ARBOR,MI 48109.}},
Research-Areas = {{Linguistics}},
Web-of-Science-Categories  = {{Language \& Linguistics}},
Number-of-Cited-References = {{0}},
Times-Cited = {{0}},
Usage-Count-Last-180-days = {{0}},
Usage-Count-Since-2013 = {{1}},
Doc-Delivery-Number = {{BJ45F}},
Unique-ID = {{ISI:A1997BJ45F00008}},
DA = {{2021-05-18}},
}

@article{ ISI:A1995QU54800001,
Author = {WILLIAMSON, J},
Title = {{CANNY WRITERS - TYNESIDE DIALECT AND THE WRITING OF SECONDARY-SCHOOL
   STUDENTS}},
Journal = {{EDUCATIONAL STUDIES}},
Year = {{1995}},
Volume = {{21}},
Number = {{1}},
Pages = {{3-12}},
Month = {{MAR}},
Abstract = {{The issue of writing in accordance with the conventions of standard
   English usage is one which is becoming increasingly prominent, with
   changes in the National Curriculum in English reflecting concerns about
   correctness in language. The present study examines the writing of a
   group of Year 11 pupils to examine the nature of the deviance of their
   writing from standard English patterns and, in particular, to assess the
   impact of non-standard dialect forms on their written work. Errors in
   writing are seen to be very largely attributable to difficulties with
   such aspects of the system as punctuation, spelling and other
   orthographic features. There is evidence of non-standard dialect
   influences on grammar and vocabulary but these are relatively slight,
   and, it is argued, should not be the prime concern of teachers
   interested in meeting the demands of the National Curriculum with regard
   to writing.}},
Publisher = {{CARFAX PUBL CO}},
Address = {{PO BOX 25, ABINGDON, OXON, ENGLAND OX14 3UE}},
Type = {{Article}},
Language = {{English}},
Affiliation = {{WILLIAMSON, J (Corresponding Author), UNIV NEWCASTLE UPON TYNE,SCH EDUC,ST THOMAS ST,NEWCASTLE TYNE NE1 7RU,TYNE \& WEAR,ENGLAND.}},
DOI = {{10.1080/0305569950210101}},
ISSN = {{0305-5698}},
Research-Areas = {{Education \& Educational Research}},
Web-of-Science-Categories  = {{Education \& Educational Research}},
Cited-References = {{BEAL J, 1989, REGIONAL VARIATION B.
   Cheshire J., 1993, REAL ENGLISH GRAMMAR.
   MILLER J, 1993, REAL ENGLISH GRAMMAR.
   Quirk Randolph, 1973, U GRAMMAR ENGLISH.
   {*}UK DEP ED SCI, ENGL AG 5 11.
   {*}UK DEP ED SCI, 1990, ENGL NAT CURR.
   {*}UK SCH CURR ASS A, 1994, ENGL NAT CURR.
   WILLIAMSON J, 1990, EDUC STUD, V16, P251, DOI 10.1080/0305569900160304.
   WINCH CA, 1994, SEP BRIT ED RES ASS.}},
Number-of-Cited-References = {{9}},
Times-Cited = {{4}},
Usage-Count-Last-180-days = {{1}},
Usage-Count-Since-2013 = {{1}},
Journal-ISO = {{Educ. Stud.}},
Doc-Delivery-Number = {{QU548}},
Unique-ID = {{ISI:A1995QU54800001}},
DA = {{2021-05-18}},
}

@article{ ISI:A1995QM00400002,
Author = {WEI, L and MILROY, L},
Title = {{CONVERSATIONAL CODE-SWITCHING IN A CHINESE COMMUNITY IN BRITAIN - A
   SEQUENTIAL-ANALYSIS}},
Journal = {{JOURNAL OF PRAGMATICS}},
Year = {{1995}},
Volume = {{23}},
Number = {{3}},
Pages = {{281-299}},
Month = {{MAR}},
Abstract = {{The informal conversational data presented in this paper were collected
   in the course of a larger participant observation study of a set of ten
   Chinese/English bilingual families in the Tyneside area of northeastern
   England.  A sequential analysis is offered in an attempt to illuminate
   patterns underlying code-switching both within and between speaker
   turns.  The procedures of Conversational Analysis (CA) are adopted, with
   particular attention to the way in which code-switching might be said to
   contextualise particular conversational procedures.  Evidence is
   presented to suggest that these bilingual conversationalists deploy
   code-switching as a resource to help them contextualise preference
   organisation and repairs.  It is argued that code-switching functions in
   a manner similar to other contextualisation cues which have been
   discussed in the literature, and that it is available to bilingual
   conversationalists as an additional conversation management resource. 
   It is suggested that some of the code-switching patterns discussed in
   the paper are specific to generational subgroups in the community, and
   an attempt is made to associate the strategic use of conversational
   code-switching by these subgroups with wider intergenerational patterns
   of language choice and language competence in the community as a whole.}},
Publisher = {{ELSEVIER SCIENCE BV}},
Address = {{PO BOX 211, 1000 AE AMSTERDAM, NETHERLANDS}},
Type = {{Article}},
Language = {{English}},
Affiliation = {{WEI, L (Corresponding Author), UNIV NEWCASTLE UPON TYNE,DEPT SPEECH,NEWCASTLE TYNE NE1 7RU,TYNE \& WEAR,ENGLAND.}},
DOI = {{10.1016/0378-2166(94)00026-B}},
ISSN = {{0378-2166}},
Research-Areas = {{Linguistics}},
Web-of-Science-Categories  = {{Linguistics; Language \& Linguistics}},
ResearcherID-Numbers = {{wei, li/B-2977-2010}},
Cited-References = {{Atkinson J.M., 1979, ORDER COURT ORG VERB.
   Atkinson J.M., 1984, STUDIES CONVERSATION.
   Atkinson J. Max, 1984, STRUCTURES SOCIAL AC, P57, DOI DOI 10.1017/CBO9780511665868.008.
   AUER P, 1991, PAPERS S CODE SWITCH, P319.
   Auer P., 1984, BILINGUAL CONVERSATI.
   AUER P, 1992, CONTEXTUALISATION LA.
   Boeschoten H. E., 1990, WORKSH CONSTR COND M, P85.
   DISCIULLO AM, 1986, J LINGUIST, V22, P1, DOI 10.1017/S0022226700010537.
   DUNCAN S, 1972, J PERS SOC PSYCHOL, V23, P283, DOI 10.1037/h0033031.
   DUNCAN S, 1969, PSYCHOL BULL, V72, P118, DOI 10.1037/h0027795.
   Gal Susan., 1979, LANGUAGE SHIFT.
   Gumperz John J., 1992, CONTEXTUALIZATION LA, V22, P39, DOI {[}10.1075/pbns.22.04gum, DOI 10.1075/PBNS.22.04GUM].
   GUMPERZ JOHN J., 1982, DISCOURSE STRATEGIES.
   HELLER M, 1982, LANGUAGE SOCIAL IDEN, P108, DOI DOI 10.1017/CBO9780511620836.009.
   Heller M., 1988, CODESWITCHING ANTHR.
   Heritage J., 1989, CONVERSATION INTERDI, P21.
   KENDON A, 1977, STUDIES BEHAVIOUR SO.
   Lesser R., 1993, LINGUISTICS APHASIA.
   Levinson S.C., 1983, PRAGMATICS.
   LOCAL J, 1984, J PRAGMATICS, V9, P309.
   LOCAL J, 1986, INTONATION DISCOURSE, P181.
   LOCAL JK, 1986, J LINGUIST, V22, P411, DOI 10.1017/S0022226700010859.
   MILROY L, 1994, ONE SPEAKER 2 LANGUA.
   MOFFATT S, 1992, MULTILINGUA, V11, P355, DOI DOI 10.1515/MULT.1992.11.4.355.
   Myers-Scotton C., 1993, SOCIAL MOTIVATIONS C.
   Myers-Scotton Carol, 1990, WORKSH CONSTR COND M, P57.
   POPLACK S, 1980, LINGUISTICS, V18, P581, DOI 10.1515/ling.1980.18.7-8.581.
   POPLACK S, 1988, CODESWITCHING ANTHRO, P42.
   Sacks H., 1979, EVERYDAY LANGUAGE ST, P15.
   SANKOFF DAVID, 1981, PAPERS LINGUISTICS, V14, P3, DOI DOI 10.1080/08351818109370523.
   Schegloff Emanuel A., 1992, RETHINKING CONTEXT L, P191.
   Schiffrin D., 1987, DISCOURSE MARKERS.
   SCOTTON Carol, 1988, CODESWITCHING ANTHR, P151.
   SCOTTON CM, 1976, LANGUAGE, V52, P919, DOI 10.2307/413302.
   SCOTTON CM, 1983, INT J SOCIOL LANG, V44, P115.
   SEBBA M, 1984, SOCIOLINGUISTIC S LI, V5.
   SILVERMAN D, MS PRESERVING SOCIAL.
   Wei L., 1994, 3 GENERATIONS 2 LANG.
   WEI L, IN PRESS MULTILINGUA.
   WEI L, 1992, INT J APPL LINGUISTI, V2, P63.}},
Number-of-Cited-References = {{40}},
Times-Cited = {{22}},
Usage-Count-Last-180-days = {{1}},
Usage-Count-Since-2013 = {{8}},
Journal-ISO = {{J. Pragmat.}},
Doc-Delivery-Number = {{QM004}},
Unique-ID = {{ISI:A1995QM00400002}},
DA = {{2021-05-18}},
}

@article{ ISI:A1986F006300007,
Author = {LOCAL, JK and KELLY, J and WELLS, WHG},
Title = {{TOWARDS A PHONOLOGY OF CONVERSATION - TURN-TAKING IN TYNESIDE ENGLISH}},
Journal = {{JOURNAL OF LINGUISTICS}},
Year = {{1986}},
Volume = {{22}},
Number = {{2}},
Pages = {{411-437}},
Month = {{SEP}},
Publisher = {{CAMBRIDGE UNIV PRESS}},
Address = {{40 WEST 20TH STREET, NEW YORK, NY 10011-4211}},
Type = {{Article}},
Language = {{English}},
Affiliation = {{LOCAL, JK (Corresponding Author), UNIV YORK,DEPT LANGUAGE,YORK YO1 5DD,N YORKSHIRE,ENGLAND.}},
DOI = {{10.1017/S0022226700010859}},
ISSN = {{0022-2267}},
Research-Areas = {{Linguistics}},
Web-of-Science-Categories  = {{Linguistics; Language \& Linguistics}},
Cited-References = {{ABERCROMBIE D, 1964, STUDIES PHONETICS LI, P26.
   BEATTIE GW, 1979, BRIT J SOC CLIN PSYC, V18, P391, DOI 10.1111/j.2044-8260.1979.tb00909.x.
   BEATTIE GW, 1982, NATURE, V330, P744.
   BEATTIE GW, 1982, SEMIOTICA, V34, P55.
   BRAZIL D, 1981, STUDIES DISCOURSE AN, P146.
   Brazil David, 1978, DISCOURSE INTONATION, V2.
   Brazil David, 1975, DISCOURSE INTONATION.
   BROWN G, 1981, QUESTIONS INTONATION.
   COULTHARD M, 1977, INTRO DISCOURSE ANAL.
   COULTHARD M, 1981, GEORGETOWN U ROUND T, P94.
   Crystal David, 1969, PROSODIC SYSTEMS INT.
   CUTLER A, 1986, INTONATION DISCOURSE.
   DUNCAN S, 1974, LANGUAGE SOC, V2, P161.
   Duncan S., 1977, FACE FACE INTERACTIO.
   FRENCH P, 1983, J PRAGMATICS, V7, P17, DOI 10.1016/0378-2166(83)90147-9.
   French P., 1986, INTONATION DISCOURSE, P157.
   GOODWIN C., 1981, CONVERSATIONAL ORG I.
   GUMPERZ JOHN J., 1982, DISCOURSE STRATEGIES.
   Halliday M.A.K., 1967, INTONATION GRAMMAR B.
   JARMAN E, 1976, J INT PHON ASSOC, V6, P4.
   KELLY J, UNPUB INTERPERSONAL.
   KENDON A, 1967, ACTA PSYCHOL, V26, P22, DOI 10.1016/0001-6918(67)90005-4.
   KNOWLES G, 1979, SOCIOLINGUISTIC PATT, P81.
   Lehiste I, 1975, STRUCTURE PROCESS SP, P195.
   Levinson S.C., 1983, PRAGMATICS.
   Local J. K., 1985, BELFAST WORKING PAPE, V7, P1.
   LOCAL JK, 1985, J PRAGMATICS, V9, P309, DOI 10.1016/0378-2166(85)90029-3.
   LOCAL JK, 1979, YORK PAPERS LINGUIST, V8, P207.
   LOCAL JK, 1979, SOCIOLINGUISTIC VARI, P85.
   LOCAL JK, HUMAN STUDIES.
   LOCAL JK, 1986, DISCOURSE INTONATION, P181.
   LOCAL JK, 1978, UNPUB STUDIES DESCRI.
   McNeany V., 1972, LINGUA, V30, P1.
   MENN L, 1982, LANG SPEECH, V25, P341, DOI 10.1177/002383098202500403.
   Owen M., 1983, APOLOGIES REMEDIAL I.
   PELLOWE J, 1979, SOCIOLINGUISTIC PATT, P101.
   SACKS H, 1974, LANGUAGE, V50, P696, DOI 10.2307/412243.
   Schegloff E., 1973, ETHNOMETHODOLOGY, P233.
   THORSEN N, 1984, 18 U COP I PHON ANN.
   TRUBETSKOI NS, 1939, PRINCIPLES PHONOLOGY.
   Wootton Anthony J, 1981, ADULT CHILD CONVERSA, P99.
   Yngve V.H., 1970, 6 REG M CHIC LING SO, P567.}},
Number-of-Cited-References = {{42}},
Times-Cited = {{124}},
Usage-Count-Last-180-days = {{0}},
Usage-Count-Since-2013 = {{5}},
Journal-ISO = {{J. Linguist.}},
Doc-Delivery-Number = {{F0063}},
Unique-ID = {{ISI:A1986F006300007}},
DA = {{2021-05-18}},
}
